4960 6054
1038 459 1097 542 27

179 691 299 751 mum
333 673 458 750 necte
506 653 731 750 moram>
778 662 929 748 adhuc
960 643 1180 770 obseurat,
1228 685 1414 774 semper,
1437 661 1736 778 periculostun
1768 691 1876 776 esse,
1907 669 1960 754 li·

116 807 120 810 ’
179 820 382 902 quorem,
415 791 740 905 qualiscunque
773 799 822 926 et
871 789 1130 906 quantusyis
1179 787 1252 896 sit,
1284 787 1335 870 in
1368 815 1422 873 eo
1455 799 1573 874 statu
1605 792 1728 876 inter
1758 793 1960 908 pleuram
1998 779 2003 783 ¹

179 928 230 1004 et
261 920 493 1033 pulmones
533 917 740 1026 injicere,
773 945 863 1027 quo
896 916 977 1000 ille
1010 914 1371 1028 respirationem,
1419 943 1445 1000 a
1478 945 1567 1027 qua
1598 920 1729 1004 nobis
1761 922 1957 1011 maxime

179 1071 339 1132 cavere
369 1047 600 1155 debemus,
631 1044 853 1162 impedire
887 1053 935 1130 et
966 1069 1120 1154 graves
1151 1043 1372 1130 molestias
1402 1041 1607 1160 proferre
1639 1055 1799 1165 potest.

807 1228 897 1314 ,’
1001 1215 1137 1344 §iu

789 1399 1279 1462 -Eutuusunm

245 1537 604 1647 Phaenomenon,
635 1533 832 1622 maxime
872 1535 922 1621 in
954 1536 1218 1622 vulneribus
1266 1544 1421 1651 pectus
1468 1541 1813 1652 penetrantibus
1861 1543 1960 1631 soli·
2025 1535 2026 1538 ‘

185 1675 297 1776 tum,
329 1667 614 1752 Eueursnuu
647 1673 726 1750 est.
761 1662 915 1766 Quum
947 1691 1109 1778 nempe
1141 1662 1271 1772 aeris,
1302 1664 1533 1778 praecipue
1565 1694 1673 1752 vero
1708 1695 1876 1779 cantor,
1910 1673 1960 1756 in
2098 1660 2102 1666 ’

185 1795 427 1901 thoracem,
461 1791 676 1901 ejusmodi
708 1790 974 1876 vulneribus
1005 1798 1307 1904 penetratum,
1338 1793 1543 1908 excepti,
1574 1793 1695 1878 liber
1719 1797 1891 1906 exitus,
1908 1798 1960 1884 ei·

184 1944 239 2003 ve
272 1920 361 2004 situ
379 1918 590 2034 ‘partiiun
620 1925 807 2025 mutato,
840 1917 933 2002 sive
965 1918 1220 2004 membrana
1252 1917 1451 2030 adiposa,
1492 1921 1699 2031 coagulo,
1748 1922 1841 2010 sive
1874 1924 1961 2008 alia

184 2050 375 2156 quadam
409 2072 458 2130 re
491 2043 732 2158 impeditus
765 2043 838 2152 sit,
871 2042 947 2125 hic
977 2047 1057 2126 adr
1090 2041 1141 2126 in
1164 2043 1365 2128 cavitate
1400 2040 1660 2156 calefactus,
1708 2057 1847 2160 atque
1881 2076 1961 2134 ex·

187 2182 411 2280 tenuatus,
444 2197 489 2256 se
522 2171 573 2251 in
605 2169 858 2284 proximam
893 2169 1042 2256 tellam
1077 2168 1329 2254 cellulosam
1365 2171 1606 2280 convertit,
1638 2183 1776 2286 atque
1802 2175 1850 2259 in
1869 2177 1961 2260 vul·

183 2321 295 2382 nere
328 2297 422 2410 ipso
456 2297 724 2404 decolorem,
740 2293 1017 2403 flexibilem,
1049 2292 1263 2405 frigidum
1299 2305 1515 2382 tumorem
1549 2289 1826 2414 el'licit„qui
1851 2302 1964 2412 digi-

188 2431 232 2507 to
254 2409 497 2537 ‘impressus
530 2449 753 2507 susurrum
786 2421 1076 2532 murmurans,
1108 2423 1236 2508 velut
1253 2419 1367 2507 sicca
1384 2424 1536 2509 charta
1550 2451 1832 2538 pergamena,
1850 2429 1962 2540 edit,
2080 2435 2085 2442 '

183 2549 357 2662 quique
392 2551 537 2660 digito
571 2549 880 2662 comprimitur
913 2550 1113 2660 quidem,
1145 2557 1191 2630 at
1216 2547 1311 2632 'hoc
1342 2559 1504 2657 amoto,
1537 2554 1596 2634 de
1629 2579 1748 2636 novo
1774 2537 1963 2640 succresss

186 2676 270 2762 cit.'
289 2674 614 2762 'Continuitate
647 2701 755 2760 vero
787 2661 1051 2790 pulmonum
1083 2676 1213 2760 simul
1246 2675 1362 2784 laesa,
1394 2685 1543 2788 potest
1575 2678 1662 2761 hoc
1679 2682 1965 2794 emphysema

188 2811 324 2888 totam
357 2804 562 2918 corporis,
583 2799 885 2917 superficiem,
916 2800 1081 2916 plantis
1112 2805 1300 2916 pedum,
1333 2829 1541 2884 manuum
1575 2803 1687 2888 volis
1721 2816 1768 2890 et
1809 2807 1966 2922 capitis

138 3033 143 3046 ,
186 2932 359 3015 vertice
392 2930 615 3044 exceptis,
634 2957 748 3012 'cum
782 2928 1044 3015 incredibili
1078 2929 1310 3013 celeritate
1344 2953 1575 3040 occupare.
1607 2927 1756 3041 Atqui
1781 2935 1857 3031 adr
1874 2933 1966 3044 hic,

186 3056 322 3142 sicuti
355 3083 500 3140 serum
533 3055 584 3140 iu
616 3080 834 3162 anasarca,
869 3055 992 3138 tollit
1024 3054 1354 3162 integumenta,
1403 3063 1540 3162 atque
1574 3053 1636 3138 sic
1670 3049 1860 3142 conficit
1902 3071 1974 3144 tu·⁴

186 3197 353 3266 morem
385 3181 678 3295 pellucidum,
709 3181 871 3288 levem,
903 3177 1270 3287 flexibilemque,
1287 3178 1385 3287 'qui
1416 3177 1551 3263 variis
1583 3179 1693 3266 locis
1727 3181 1777 3266 in
1801 3185 1967 3272 variam

189 3308 478 3392 altitudinem
513 3307 690 3413 crescit,
721 3307 1080 3422 procuratione,
1115 3329 1202 3414 qua
1235 3315 1282 3389 et
1315 3303 1365 3386 in
1400 3315 1617 3413 qnantum
1654 3309 1758 3392 tella
1784 3311 1966 3398 cellulo·

186 3460 233 3520 sa
266 3444 490 3549 compacta
523 3428 696 3519 sit-A
712 3431 945 3528 nonnullis
979 3427 1283 3515 celeberrimis
1314 3429 1536 3540 chirurgis
1569 3435 1854 3548 emphysema
1884 3465 1975 3553 pru

187 3561 317 3672 signo
351 3561 553 3646 vulneris
584 3567 740 3673 pectus
772 3557 1052 3674 penetrantis
1082 3556 1429 3672 pathognomico
1461 3558 1620 3644 haberi
1652 3561 1850 3654 videtur.
1898 3567 1969 3652 Lu

189 3681 389 3774 Mom')
437 3697 485 3772 et
517 3684 731 3770 Fssunfflu
764 3707 930 3798 (Etemrns
955 3707 992 3772 de
1019 3704 1188 3792 Chirurgie
1213 3710 1375 3790 prolique,
1409 3703 1537 3786 faisant
1575 3712 1679 3794 partie
1704 3710 1758 3776 des
1782 3731 1907 3781 mores
1931 3713 1970 3780 de

73 3905 80 3935 ἢ
185 3835 335 3922 seaMr.
363 3839 521 3918 Fanum,
549 3836 703 3922 poer.
734 3833 925 3900 Gaurum.
958 3831 1411 3914 12⁰.Pcrts.1771.'l'om.
1440 3804 1540 3919 1.)³‘),
1574 3817 1863 3900 contendunt
1878 3844 1971 3902 cer·

193 3954 287 4029 tum
320 3942 575 4050 hujusmodi
612 3941 851 4056 vulnerum
883 3941 1057 4048 signum
1093 3937 1376 4050 emphysema
1410 3961 1513 4022 esse.
1557 3935 1826 4025 sinamur)
1855 3971 1972 4028 nun·

192 4095 325 4180 quam
357 4071 449 4153 hoo*
476 4067 709 4183 separatim
739 4068 795 4150 ab
828 4065 928 4150 aliis
950 4061 1067 4149 ,fieri
1096 4089 1222 4178 posse
1256 4062 1502 4174 existimat,
1534 4065 1623 4150 uisi
1656 4067 1840 4183 quidem
1871 4097 1971 4185 per·

193 4199 280 4279 lata
314 4196 530 4303 sint-„aut
562 4195 613 4278 in
646 4203 769 4277 recta
803 4191 1058 4277 directione
1088 4199 1347 4304 penetrent.

256 4320 426 4406 Tamen
459 4345 626 4431 neque,
658 4318 694 4403 si
729 4320 1010 4432 emphysema
1043 4317 1174 4426 adsit,
1208 4343 1261 4400 eo
1296 4315 1390 4428 ipso
1438 4343 1464 4400 a
1504 4319 1692 4406 vulnere
1745 4323 1969 4410 thoracem

194 4448 422 4562 penetrari
456 4450 687 4561 probatur,
719 4471 871 4554 neque
903 4444 939 4530 si
974 4445 1105 4553 desit,
1155 4431 1394 4553 quodlibet
1425 4445 1617 4558 pectoris
1665 4449 1830 4534 vulnus
1866 4479 1971 4536 xnon

194 4585 370 4660 naturae
401 4571 679 4690 penetrantis
711 4597 817 4662 esse.
851 4561 1157 4685 Experientia
1190 4569 1311 4653 euim
1336 4573 1484 4678 docet,
1517 4599 1611 4656 non
1629 4573 1678 4657 in
1696 4585 1971 4688 quocunque
2037 4585 2041 4600 “

197 4703 383 4787 viduere
410 4702 642 4785 thoracem
673 4708 942 4813 penetrante
976 4699 1258 4811 emphysema
1291 4696 1457 4808 absque
1475 4699 1565 4786 ulla
1582 4701 1861 4788 internarum
1877 4731 1972 4820 par·

263 4946 295 5009 J.
323 4947 470 5010 Cooann.
497 4964 528 5009 ι.
556 4963 587 5010 c.
614 4947 715 5008 Tom.
743 4945 806 5012 111.
831 4960 867 5029 p.
897 4943 983 5018 544.
1139 4893 1156 4933 ⁰

111 5123 115 5130 ¹
195 4945 247 5134 Q)
274 5049 322 5112 Lu
347 5051 476 5122 Mum.
505 5065 534 5112 ι.
563 5063 595 5112 c.
622 5067 657 5132 p.
686 5045 744 5110 85.
783 5066 786 5074 ·
1414 5073 1419 5080 ·

197 5151 238 5234 x)
265 5152 434 5216 churunr
459 5147 548 5213 Bibl.
578 5143 729 5233 chirurg.
756 5149 857 5212 Tom.
884 5149 910 5210 1.
938 5147 1034 5212 Fasc.
1061 5145 1119 5211 lV.
1146 5163 1182 5232 p.
1216 5157 1295 5222 144
1411 5187 1423 5216 .

198 5252 237 5340 y)
266 5253 443 5320 Susanna.
468 5271 499 5322 ι.
526 5269 557 5318 c.
584 5271 622 5338 p.
652 5271 734 5328 24²·
763 5263 796 5328 4.
