4942 6048
1436 357 1440 366 s

520 654 684 728 schamat.
714 651 827 740 ¹778)
860 623 965 749 (qus
996 629 1061 732 de
1087 622 1202 712 airis
1234 623 1286 710 in
1319 633 1523 739 apertum
1554 607 1750 740 pectoris
1790 649 1958 708 cavum
1979 620 2175 709 introitu
2208 647 2316 706 cau·

525 763 695 850 tionem
735 759 870 874 plane
918 780 1151 863 rammam,
1199 779 1251 836 ao
1296 773 1695 840 snssnvsosssam
1743 753 1932 862 judicat,
1982 779 2121 864 quum
2169 751 2311 862 juxta

523 889 662 1005 ipsius
701 885 964 1002 opinionem
1005 880 1211 997 irruptio
1243 880 1366 968 aeris
1404 879 1456 963 in
1482 905 1693 964 *vacuum
1742 886 1848 968 aere
1893 880 2088 996 pectoris
2136 906 2312 988 carum,

522 1019 701 1104 nullum
733 1013 918 1098 omniuo
951 1009 1327 1124 impedimentum
1354 1006 1520 1116 iacere,
1551 1017 1631 1092 aut
1662 1011 1875 1094 damnum
1926 1006 2116 1120 quodvis
2164 1004 2312 1092 adier-

524 1172 575 1230 re
608 1137 763 1262 possit)
796 1145 1011 1228 audacter
1040 1131 1278 1248 'utramque
1311 1157 1444 1224 sinon
1473 1137 1670 1249 pectoris
1703 1135 1943 1223 cavitatem
1971 1133 2135 1251 aperiri
2166 1159 2310 1248 posse,

526 1271 776 1358 existimat.
804 1264 1078 1378 Argumenti
1110 1264 1210 1348 loco
1243 1263 1354 1349 citat
1386 1261 1722 1352 Anemonem
1753 1263 2049 1350 Baasnroruro
2081 1272 2129 1348 et
2161 1259 2215 1346 N.
2238 1259 2311 1342 Pr·

526 1421 687 1505 anunm,
721 1395 801 1506 qui
835 1393 1006 1479 etiamsi
1039 1402 1275 1501 utramque
1307 1391 1501 1506 pectoris
1550 1393 1785 1478 cavitatem
1818 1390 2063 1506 aperirent,
2095 1387 2215 1472 nihil
2251 1397 2316 1472 ta·

525 1551 631 1636 men
679 1521 784 1608 mali
817 1520 926 1606 iude
968 1517 1166 1607 evenisse
1194 1521 1519 1628 ,observarunt3
1551 1547 1684 1633 porro
1726 1517 2086 1626 Sinosrrznnuu,
2120 1513 2200 1626 qui
2233 1514 2317 1598 mi·

525 1653 656 1737 litem
702 1675 786 1764 per
817 1659 1060 1758 utrumque
1109 1645 1304 1762 pectoris
1336 1673 1493 1730 cavum
1530 1649 1624 1732 telo
1655 1648 1858 1760 tpetitum
1890 1647 2060 1731 salvum
2090 1641 2318 1748 reddidit,

527 1779 731 1896 denique
763 1803 808 1862 se
843 1775 987 1889 ipsum
1021 1773 1227 1888 exempli
1258 1773 1376 1858 loco·
1392 1771 1546 1887 ponit,
1580 1775 1661 1886 qni
1693 1773 1923 1860 hominem
1953 1783 2146 1882 utraque
2179 1769 2311 1854 simul

530 1904 723 1994 thoracis
755 1903 947 1989 cavitate
980 1897 1239 2016 perfossum,
1270 1901 1451 1986 sanitati
1482 1901 1699 1990 restitrdt.
1714 1901 1849 1986 Dicit
1871 1901 1967 2009 ille,
1990 1902 2201 2010 quosdam
2216 1895 2313 1980 vul·

506 2059 638 2136 „nera
669 2034 727 2118 ad
759 2041 1003 2141 utrumque
1030 2031 1154 2124 latus
1168 2053 1341 2143 semper
1356 2038 1509 2142 aperta
1532 2029 1783 2142 reliquisse,
1799 2037 2017 2140 egrotum
2036 2037 2182 2110 tamen
2198 2049 2313 2108 nun·

529 2187 662 2272 quam
694 2166 878 2274 angusta
911 2150 1214 2270 respiratione
1240 2155 1469 2256 laborasse.
1503 2153 1696 2270 Insuper
1727 2155 1857 2241 addit
1905 2153 2218 2268 experimenta
2251 2153 2315 2236 de

530 2286 715 2372 canibus
748 2283 872 2404 [quas
905 2281 999 2396 ipse
1032 2281 1285 2391 Harma,
1317 2281 1553 2390 Hoosrou,
1590 2282 1750 2370 Boium
1779 2286 1825 2370 dr
1857 2280 2016 2366 Purus
2049 2273 2317 2396 exhibent),

529 2417 590 2500 ad
620 2412 830 2518 majorem
864 2407 1003 2494 tidem
1035 2435 1128 2494 suae
1160 2407 1369 2522 opinioni
1402 2401 1924 2496 conciliandam-Huic
1945 2409 2159 2492 methodo
2175 2405 2311 2518 quale

529 2539 781 2656 periculum
812 2535 938 2644 insit,
972 2531 1242 2647 grauissimis
1272 2535 1551 2624 theoreticis
1594 2537 1830 2652 principiis
1876 2537 2066 2652 probare
2121 2530 2314 2646 aggressi

531 2691 678 2754 sumus
725 2665 779 2749 in
809 2663 1207 2779 praecedentibus
1250 2685 1286 2773 (a
1316 2686 1417 2774 ης).
1451 2661 1544 2750 His
1571 2688 1702 2780 supra
1741 2663 1883 2750 dictis
1923 2659 2113 2772 adjungi
2165 2669 2316 2775 potest

532 2797 781 2878 adductum
824 2793 888 2874 ab·
929 2781 1257 2874 Hsauosoro')
1304 2791 1572 2905 exemptum
1616 2793 1847 2900 cujusdam
1881 2789 2099 2900 chirurgi,
2139 2787 2221 2901 qui
2253 2789 2314 2872 ad

532 2931 777 3030 utrumque
809 2915 940 3004 simul
972 2917 1088 3002 latus
1120 2913 1297 3026 aegroti,
1328 2915 1663 3036 hydrothoracc
1695 2916 1955 3025 laborantis,
2002 2911 2317 3030 paracentesin

531 3043 657 3132 iecit.
694 3045 865 3130 Tribus
891 3041 1013 3128 horis
1047 3051 1148 3156 post
1164 3041 1487 3158 ,operationem
1505 3056 1720 3134 mortuus
1753 3055 1820 3132 est
1859 3052 2053 3156 aegrotus
2102 3043 2182 3128 ille
2199 3039 2314 3148 ‚sine

398 3177 403 3198 ‘
522 3172 816 3290 'praecedenti
845 3169 1170 3282 haemorrhagis
1201 3177 1388 3283 propter
1421 3171 1758 3284 respirationem
1792 3163 2091 3285 interruptam
2140 3180 2189 3258 et
2220 3165 2317 3252 chi.

398 3367 433 3411 -,
499 3327 689 3410 surgo,
718 3323 815 3384 sero
848 3299 1086 3382 admodum
1118 3297 1372 3412 periculum
1421 3298 1639 3406 eiusmodi
1690 3300 1968 3386 tractationis
2007 3295 2318 3412 cognoscenti,

480 3475 485 3482 ·
532 3426 694 3512 mansit
727 3423 781 3508 in
812 3423 1097 3510 conscientia
1123 3423 1256 3542 cntpa
1286 3422 1444 3510 mertis
1473 3425 1608 3516 istius
1635 3427 1849 3516 hominis.

1345 3609 1375 3724 S
1408 3635 1519 3698 121.

365 3855 367 3862 .
597 3772 659 3858 In
689 3771 902 3858 omnibus
929 3771 1086 3883 itaque
1119 3773 1443 3882 occasion-ibus,
1476 3775 1562 3862 ubi·
1591 3788 1800 3894 apertius
1832 3717 2071 3892 rrtri‘usrpre
2116 3773 2314 3894 pectoris

381 3915 389 3930 ’
534 3901 633 3986 cavi
667 3900 865 3986 indicata
899 3909 981 4008 est,
1003 3910 1195 4014 ‘oportet
1227 3905 1286 3985 ad
1316 3904 1506 3991 alterum
1540 3906 1655 3990 tasin
1686 3933 1781 3990 non
1814 3907 1902 3994 nisi
1935 3919 2035 4021 post
2056 3907 2232 4018 aliquot
2247 3901 2311 3986 di·

533 4053 581 4114 es
613 4036 870 4144 aperturam.
898 4024 1064 4136 facere,
1094 4027 1133 4116 si
1163 4053 1276 4112 vero
1304 4029 1540 4116 necessitas
1572 4043 1759 4148 propter
1782 4032 2103 4120 mdicationer'n
2131 4031 2312 4116 vitalem

533 4165 668 4265 urget
701 4153 863 4240 eodem
895 4165 1100 4269 tempore
1125 4157 1186 4240 ad
1215 4166 1458 4267 utrumque
1491 4157 1663 4272 pleurae
1696 4185 1867 4245 saccum
1899 4159 2213 4278 paracentesin
2246 4155 2312 4240 in·
2454 4259 2455 4264 Ν

534 4283 741 4392 stituere,
771 4283 959 4368 alteram
987 4289 1242 4394 aperturam
1272 4283 1550 4369 solummodo.
1576 4297 1675 4400 post
1709 4287 1911 4400 priorem
1954 4287 2131 4374 finitam
2164 4283 2311 4370 iacere
2454 4293 2455 4316 ¹

374 4519 379 4538 ἱ
533 4407 668 4516 iicet,
720 4413 907 4519 quando
950 4403 1285 4494 extravasatum
1332 4421 1532 4496 amotum
1576 4423 1627 4496 et
1657 4413 1827 4500 vulnus
1860 4411 2154 4500 convenienti
2203 4410 2313 4496 deli·

536 4535 718 4646 gatione
751 4535 973 4620 occlusrun
1008 4544 1094 4624 est..
1121 4533 1292 4622 Eadem
1326 4565 1509 4650 quoque
1542 4541 1696 4652 regula
1729 4543 1849 4628 salet
1867 4541 1917 4628 iu
1935 4566 2207 4655 quacunque
2232 4537 2313 4622 ite·

534 4674 629 4874 Latta
663 4662 939 4774 deligatione
971 4661 1024 4746 in
1054 4663 1400 4781 penetrantibus
1431 4665 1698 4758 vulneribus
1729 4671 1789 4758 ad
1825 4679 2071 4786 utrumque
2119 4663 2313 4786 pectoris

600 4815 669 4877 us.
1531 4814 1544 4852 f

1261 5001 1607 5026 Μ

534 5258 796 5346 squameam.
823 5253 850 5326 1.
880 5269 911 5326 c.
937 5275 974 5345 p.
992 5257 1051 5328 do·
