4942 6048
1022 473 1109 556 115

164 705 397 788 moveatur
430 703 477 781 et
512 694 717 804 denique
748 693 783 779 si
816 697 894 779 air
926 721 953 781 e
984 696 1410 816 pectoriscavitatc
1445 714 1597 815 aperta
1629 733 1723 794 non
1749 685 1951 831 erumpat

162 847 269 930 cum
302 823 434 909 sibilo
468 813 733 944 consuetp'l.
751 818 817 904 At
851 821 1100 934 chirurgus,
1134 849 1267 934 quem
1304 827 1401 912 talis
1417 829 1678 941 pulmonum
1696 862 1795 922 cnm
1827 842 1952 956 ple'u-

166 975 216 1032 ra
249 949 524 1065 operationis
572 948 671 1035 loco
707 949 998 1034 concretione
1032 950 1147 1034 lacta
1180 951 1421 1036 sollicitum
1472 959 1641 1066 reddit,
1690 974 1837 1076 potest
1878 969 1952 1055 vel

173 1071 270 1194 ΡΜ)
303 1075 383 1160 ubi
419 1065 649 1161 illalevis¹
673 1083 754 1181 est,
787 1074 922 1184 digiti
956 1074 1078 1160 intus
1112 1077 1305 1186 immissi,
1334 1089 1416 1187 aut
1449 1082 1623 1194 specilli
1648 1089 1776 1200 apice
1825 1097 1953 1180 obtu.
2059 1183 2062 1190 Δ
2138 1117 2142 1124 ·

167 1225 215 1286 so
249 1203 458 1288 instructi
491 1227 576 1314 ope
610 1225 957 1286 suranamounm
990 1215 1132 1312 usqua
1172 1210 1230 1288 ad
1263 1209 1534 1292 extrarasati
1583 1214 1747 1321 sedem,
1801 1219 1953 1306 esan-
1993 1292 1997 1302 ,

168 1327 307 1438 guine
339 1327 562 1416 effluente
613 1331 977 1437 cognoscendam,
1010 1355 1238 1442 peragere3
1270 1331 1345 1415 vel
1382 1325 1467 1451 2¹¹⁰)
1485 1335 1565 1418 ubi
1598 1335 1716 1422 basi!
1729 1343 1870 1427 maior
1887 1348 1951 1431 in-

167 1453 516 1568 separabilisque
546 1455 788 1568 reperitur,
821 1479 1064 1570 mersionem
1081 1457 1379 1541 musculorum
1411 1459 1765 1570 intercostalium
1800 1499 1952 1560 versus

166 1605 215 1664 os
247 1591 445 1667 eternum
478 1584 595 1664 ultra
615 1571 966 1666 ‚concretionem
990 1582 1136 1696 ipsam
1166 1583 1449 1698 prolongare,
1497 1589 1571 1672 vel
1610 1591 1813 1706 denique
1850 1597 1951 1720 5³5⁰)

168 1730 322 1792 numu
352 1733 638 1795 seraranan
670 1707 759 1792 alio
791 1709 891 1792 loco
924 1708 1170 1822 suscipere,
2032 1719 2035 1724 ’

976 1835 1002 1947 §
1039 1835 1141 1920 113.

238 2015 282 2085 1⁰
314 1999 639 2088 Coucnnrrours
673 2025 768 2084 rna
794 2023 1000 2106 nmmum,
1033 2025 1122 2084 vnn
1154 2017 1401 2088 saccutum
1418 2027 1551 2092 Aaron
1568 2036 1731 2098 caroso
1753 2037 1950 2112 insuaue«

167 2153 262 2212 rurs
294 2127 430 2212 iuxta
462 2125 514 2211 Β.
547 2119 720 2210 Brund)
757 2127 1016 2210 methodum
1049 2149 1230 2236 amorio,
1264 2155 1395 2239 quam
1430 2131 1620 2222 Lassus)
1648 2127 1748 2223 vix'
1766 2142 1949 2252 quidem

164 2241 330 2368 perfici
362 2279 495 2369 posse,
521 2263 689 2362 censet,
722 2251 926 2368 proiecto
960 2251 1052 2336 vim
1085 2259 1307 2363 quandam
1338 2263 1662 2374 praesupponit,
1697 2291 1834 2375 quum
1859 2271 1951 2384 ple·

154 2407 358 2491 ,rumque
391 2383 489 2464 haec
522 2380 744 2465 abnormis
779 2377 971 2464 cohaesio
992 2373 996 2386 ’
1020 2383 1255 2468 admodum
1288 2379 1416 2465 firma
1451 2395 1497 2468 et
1529 2389 1684 2502 pleura
1718 2411 1855 2478 crassa
1895 2393 1950 2480 fi·

166 2517 227 2593 at.
259 2507 390 2608 Hanc
423 2505 713 2621 posteriorem
747 2505 813 2588 Ln
846 2496 1019 2588 Dnsn'l
1051 2505 1335 2590 crassitudini
1384 2509 1560 2622 pollicis
1611 2511 1852 2624 quadranti
1893 2547 1949 2604 as-
2026 2550 2029 2572 ·

168 2633 360 2742 qualem,
394 2629 544 2748 Tnsrn
577 2631 768 2714 dimidio
801 2629 898 2715 eius
930 2657 1096 2744 parem,
1130 2631 1402 2741 cartilaginis
1434 2635 1576 2720 instar
1608 2643 1761 2724 duram
1781 2654 1827 2728 et
1846 2673 1946 2731 carm

166 2759 454 2873 pulmonibus
494 2757 690 2840 firmiter
723 2757 926 2841 coalitam
958 2751 1224 2842 viderunrt
1258 2755 1400 2878 Inpno
1429 2769 1616 2876 ‘quoque
1659 2769 1864 2854 cohaesio
1897 2773 1947 2856 il.

166 2887 211 2968 la
242 2911 362 2972 ossea
395 2886 638 2996 aliquando
671 2894 849 2997 reperta
883 2891 949 2974 est
984 2905 1215 2990 (Proculam.
1246 2905 1400 2988 Atratum.
1420 2911 1564 2977 academ.
1589 2911 1685 2979 Fare.
1712 2915 1802 3002 111).
1822 2893 1949 2998 'Quo‘-

168 3017 300 3098 modo
349 3012 491 3122 igitur
524 3013 638 3094 hanc
673 3009 769 3094 sine
802 3008 1059 3094 vehementi
1086 3009 1345 3115 encheresi,
1378 3011 1510 3123 plane
1545 3013 1811 3126 reficienda,
1860 3005 1947 3108 mo·

169 3165 276 3224 vere
308 3137 596 3252 poterimus?
630 3135 868 3240 Quomodo
901 3137 1034 3224 malos
1068 3119 1257 3218 effectus
1287 3136 1537 3220 necessario
1571 3139 1680 3227 inde
1731 3146 1946 3236 oriundos

166 3265 421 3350 evitemus?
453 3263 608 3364 Quum
641 3261 762 3347 enim
797 3261 1013 3346 eiusmodi
1047 3259 1323 3344 cohaesiones
1345 3261 1474 3356 uasis
1507 3265 1770 3374 sanguiseris
1819 3254 1947 3388 stipa·

171 3399 230 3474 tae
278 3392 390 3498 sint,
440 3389 530 3472 vim
564 3399 838 3505 separantem
873 3413 927 3470 eo
978 3385 1116 3492 major
1148 3385 1340 3498 partium
1375 3389 1545 3474 rsactio
1586 3421 1687 3476 cum
1741 3400 1950 3502 omnibus
2074 3435 2077 3442 ’

161 3517 358 3629 ,sequelis
391 3515 594 3600 comitari
628 3518 779 3600 debet.
811 3513 925 3598 Haec
943 3511 1084 3624 igitur
1116 3515 1368 3620 methodus,
1387 3517 1582 3624 quamvis
1608 3545 1710 3606 usus
1728 3523 1806 3606 illa
1823 3525 1945 3610 blon-

167 3637 426 3752 nnuurnny),
465 3669 724 3758 prosperum
772 3640 1012 3751 aliquoties
1057 3657 1304 3724 successum
1353 3641 1528 3750 habuit,
1578 3627 1749 3760 semper
1799 3659 1943 3763 tamen

170 3769 341 3856 effectu
374 3798 468 3855 non
505 3780 590 3854 tam
623 3767 783 3876 facilis,
819 3777 997 3878 tamque
1031 3763 1224 3848 innoxia
1257 3775 1456 3876 apparet,
1486 3795 1620 3876 ¹quam
1653 3769 1811 3858 Basti)
1849 3757 1962 3864 alit

204 3922 259 3979 ue
291 3897 624 3980 existimarunt.
1520 3931 1523 3938 ’

237 4035 283 4104 2⁰
311 4013 569 4104 Drcsnsmo
602 4043 809 4104 morsroms
840 4044 935 4101 non
969 4035 1148 4130 semper*
1172 4011 1349 4100 facilem
1383 4017 1561 4103 exitum
1578 4024 1836 4136 pollicetur,
1854 4041 1945 4116 ete·
1976 4045 1980 4052 '

170 4185 207 4282 a)
234 4193 491 4274 inposterum,
521 4185 580 4250 ubi
606 4183 653 4250 de
679 4183 963 4250 consideratione
990 4179 1185 4250 laesionum
1211 4180 1390 4270 pulmonis
1416 4187 1602 4271 speciatim
1629 4191 1867 4277 tractabimus,
1883 4210 1944 4264 oc-

219 4291 315 4354 casio
344 4309 421 4356 sese
447 4284 591 4372 afferet,
619 4285 762 4352 uberius
787 4283 991 4374 exponendi
1019 4282 1206 4350 commoda
1235 4303 1289 4370 ea,
1318 4301 1410 4370 quae
1428 4298 1593 4374 respectu
1606 4293 1752 4357 sauciati
1765 4293 1849 4363 inde
1865 4319 1945 4384 pro·

220 4391 375 4476 veniunt,
404 4394 431 4456 si
461 4390 600 4456 viscera
626 4387 689 4454 illa
714 4381 796 4452 cunr
820 4388 957 4474 pariete
985 4387 1157 4452 caritatis.
1170 4385 1327 4474 pectoris
1366 4381 1587 4456 cohaereant
1629 4391 1731 4459 conl.
1772 4397 1944 4466 Memoria

219 4515 277 4559 sur
304 4493 357 4560 les
383 4501 573 4578 avantages
598 4487 644 4556 de
670 4487 896 4562 l’adherence
922 4487 969 4554 du
993 4507 1126 4575 pumon
1151 4506 1224 4554 aux
1249 4487 1369 4576 perois
1395 4486 1441 4557 de
1467 4487 1502 4556 la
1526 4493 1681 4578 potuine
1694 4495 1767 4562 lors
1780 4497 1844 4565 des
1856 4499 1945 4588 plai-

219 4617 257 4663 es
282 4597 507 4684 penetrantes
532 4593 578 4660 de
606 4603 699 4662 cette
725 4593 852 4682 cavit53
878 4593 914 4656 in
941 4589 1147 4676 ”melanger
1172 4589 1219 4656 de
1247 4587 1433 4674 chirurgio
1460 4591 1567 4662 etde
1598 4592 1855 4686 Physiologie“
1880 4623 1944 4691 par

86 4725 97 4744 0
216 4702 455 4766 Parnm-los.
481 4699 596 4764 Roux.
626 4699 677 4760 8⁰.
705 4695 810 4760 Parit.
845 4697 952 4779 1809.
978 4712 1014 4779 p.
1030 4697 1203 4776 78-100.
1409 4769 1412 4780 ¹
1770 4724 1776 4736 ι

165 4800 209 4888 u)
238 4803 421 4868 Semnan.
450 4799 636 4870 Grundriss
661 4778 726 4864 der
752 4793 905 4880 chirurg.
935 4795 1180 4882 Operationen.
1213 4795 1263 4862 8⁰.
1290 4787 1410 4862 Furth.
1440 4797 1547 4862 raas.
1572 4818 1609 4886 p.
1628 4819 1709 4886 ¹70·

167 4902 658 4992 fihmsnopffih
732 4960 734 4972 ,
872 4941 875 4948 ·

170 5005 221 5094 w)
234 5007 398 5070 chnnau.
421 4999 746 5088 ,Aufengsgruende
772 4997 837 5066 der
863 4995 1239 5084 Wundarzneyknnst
1267 5015 1296 5062 ι,
1322 5013 1357 5066 e.
1381 5015 1419 5086 p.
1437 4998 1521 5092 557.
1549 4998 1678 5091 9481.

234 5108 526 5192 Tamu.t.c.p
553 5108 636 5172 dra

168 5109 213 5296 3
240 5209 455 5277 boantum,
483 5225 514 5274 r..
541 5223 573 5272 c.
597 5225 634 5292 p.
652 5207 711 5272 55.
786 5266 793 5280 .

167 5312 209 5398 ι)
241 5313 278 5377 Β.
305 5311 405 5398 Bam.
425 5329 463 5394 a..
491 5327 524 5378 ο.
550 5309 664 5379 MV.
690 5327 729 5396 p.
751 5323 834 5376 an.
