4942 6048
1026 423 1112 526 137
1510 423 1546 510 0'

170 647 324 768 primis
339 621 595 737 referenda
627 654 710 756 est,
743 671 858 760 quae
891 645 1105 734 nimirum
1137 640 1476 763 dispositionem
1508 647 1567 734 ad
1593 609 1856 742 obesitatem
1871 653 1955 772 hy·
2202 679 2206 690 ·

172 783 449 896 dropemqoc
481 775 666 864 retinet.
981 903 1008 1020 S

1045 909 1148 1010 140.

938 1071 1203 1137 cunt·

234 1207 535 1327 Emphysema
550 1209 650 1326 plus
681 1209 885 1296 minusve
924 1235 1058 1320 grave
1078 1223 1215 1322 atque
1248 1209 1648 1326 circumscriptum,
1680 1213 1774 1300 sive
1807 1218 1954 1302 adhuc

169 1339 477 1455 progrediens,
512 1337 785 1452 peculiarem
835 1363 985 1421 curam
1024 1333 1121 1424 eius
1154 1350 1329 1423 naturae
1363 1337 1584 1452 propriam
1619 1331 1828 1450 requirit.
1861 1341 1995 1428 Iam*

170 1495 281 1553 vero
313 1475 605 1580 symptomata
638 1456 982 1580 emphysematis
1018 1485 1055 1574 (ς
1089 1487 1177 1578 158)
1213 1475 1261 1549 et
1284 1464 1536 1579 periculum
1555 1465 1983 1581 indeproveniens

174 1615 212 1703 (p
246 1613 331 1699 ὠς)
367 1595 423 1678 ab
455 1585 570 1678 atris
601 1591 978 1706 praeternaturali
1010 1589 1059 1673 in
1093 1602 1251 1704 pectus
1285 1590 1536 1677 &exinde
1570 1589 1621 1676 in
1638 1596 1958 1682 subcutaneam
1998 1595 2004 1604 ’

174 1721 323 1804 tellam
358 1697 611 1807 cellulosam
629 1719 765 1803 exitu
797 1722 1000 1834 pendere
1016 1715 1225 1826 vidimus,
1260 1717 1369 1804 inde
1387 1727 1585 1834 apparet,
1602 1721 1823 1809 curativas
1848 1747 1957 1836 quo·

170 1873 262 1958 que
295 1846 641 1932 indicationes
627 1873 677 1930 m
710 1846 1009 1965 sequentibus
1036 1844 1278 1958 consistere
1313 1847 1496 1966 debere,
1528 1871 1706 1960 nempe·

241 1989 284 2060 1⁰
308 1979 488 2090 pectus,
520 1997 665 2083 aeque
698 1999 749 2056 ac
782 1974 1053 2058 subcutanea
1090 1972 1197 2058 tella
1231 1973 1458 2082 cellulosa,
1480 1974 1603 2147 ab
1554 1999 1658 2058 aere
1675 1973 1767 2060 iam
1779 2001 1957 2088 egresso

170 2097 472 2208 liberandum,
575 2173 581 2182 .

240 2226 513 2314 2⁰ulterior
543 2251 737 2312 accessus
770 2222 867 2311 eius
901 2248 926 2312 e
960 2225 1157 2340 corporis
1194 2226 1270 2311 via
1302 2225 1421 2311 aeria
1469 2225 1594 2312 omni
1641 2231 1774 2314 modo
1823 2227 1958 2346 impe·

171 2353 367 2443 diendus
400 2356 445 2440 dr
584 2371 588 2378 '

237 2487 283 2568 3⁰
316 2483 670 2569 antevertendae
702 2503 906 2589 seriores,
938 2469 1293 2592 remotioresqus
1340 2481 1682 2595 emphysematis
1732 2481 1957 2595 sequelae,

173 2635 288 2724 quae
306 2619 346 2697 'c
379 2609 667 2693 subcutaneae
703 2608 836 2692 tellas
869 2606 1158 2693 relaxatione
1194 2633 1230 2720 (ς
1265 2624 1364 2713 139.)
1399 2605 1511 2690 oriri
1542 2619 1814 2734 possunt.

1047 2741 1149 2839 141

161 2879 169 2887 ·
235 2851 536 2976 Emphysema
572 2858 912 2968 traumaticum,
963 2733 1278 2970 eslaesione,
1300 2859 1495 2974 pectoris
1525 2859 1672 2975 paries
1719 2858 1957 2950 alliciente

172 2993 336 3094 crtum,
385 2989 615 3075 interdum
664 2988 755 3104 ipsa
789 2997 947 3072 natura
981 2985 1270 3074 medicatrice
1304 3000 1484 3074 sanatur
1515 2987 1810 3098 resolutione,
1859 3015 1958 3076 sen·

172 3111 254 3200 sim
285 3115 590 3228 paulatimque
638 3115 852 3200 absoluta.
886 3111 1013 3221 Ηοο,
1036 3122 1089 3198 ut
1125 3091 1452 3200 Sonmmnmno)
1491 3123 1697 3202 accurate
1729 3109 1958 3226 docete

44 3271 49 3286 ·
171 3265 371 3326 vasorum
403 3241 739 3332 absorbentium
772 3238 1005 3326 activitate
1038 3241 1265 3356 provenit,
1298 3241 1590 3352 succeditque
1615 3239 1858 3353 lacrhus,
1825 3267 1861 3328 ει
1878 3269 1958 3327 aer
2065 3351 2069 3360 ι

173 3366 224 3452 in
260 3367 367 3452 tella
400 3371 611 3454 cellulosa
645 3368 822 3478 longius
856 3377 1161 3473 commoratus,
1201 3379 1429 3454 consumat
1462 3393 1581 3453 suam
1613 3379 1817 3454 naturam
1852 3370 1959 3456 elas·

174 3495 305 3579 ticam
340 3506 388 3581 et
421 3523 522 3580 cum
554 3491 686 3611 adipe
718 3493 996 3611 lymphaque
1049 3495 1318 3580 coniunctus
1350 3495 1535 3610 impleat
1568 3495 1700 3581 cellas
1745 3500 1957 3582 membra·

171 3649 247 3704 nae
279 3621 485 3738 adiposae.
520 3623 625 3726 Quo
658 3635 808 3708 autem
842 3621 1186 3738 emphysematis
1219 3622 1453 3706 dissolutio
1486 3622 1548 3707 sic
1570 3648 1873 3736 pervasorum
1891 3651 1957 3710 re·

163 3751 449 3834 'sorbentium
483 3749 758 3836 activitatem
791 3758 964 3834 auctam
998 3749 1255 3856 adiuvetur,
1290 3747 1676 3863 inprimisautem
1709 3760 1851 3836 cesset
1869 3777 1958 3835 cm·

172 3874 245 3958 nis
277 3875 390 3959 airis
424 3875 594 3982 exitere,
643 3875 845 3984 chirurgi
895 3875 1076 3985 quidam
1109 3899 1164 3964 eo
1195 3875 1312 3981 loco,
1363 3900 1454 3984 quo
1486 3877 1565 3958 aer
1596 3899 1622 3959 e
1655 3884 1840 3990 pectore
1872 3901 1958 3993 per

172 3999 372 4114 pleuram
407 4001 613 4084 costalem
649 4001 821 4111 transit,
853 4003 1146 4115 pyrsmedato
1179 3999 1325 4084 linteo
1360 4000 1600 4118 composito
1633 4001 1797 4086 collato
1832 4029 1957 4088 enne·

174 4151 263 4226 soor
296 4124 483 4210 ell‘icere
516 4139 715 4214 monent.
747 4128 847 4212 Hac
879 4129 1092 4211 methodo
1125 4126 1174 4210 in
1193 4125 1326 4212 simili
1344 4153 1445 4212 casu
1479 4125 1593 4242 (pos't
1610 4139 1828 4214 costarum
1845 4127 1958 4214 frac-

176 4251 338 4374 turam)
372 4256 587 4338 utebatur
619 4254 685 4338 Ln
716 4249 905 4368 numu,
939 4279 1068 4365 quam
1103 4253 1238 4339 etiam
1271 4255 1551 4339 commendat
1583 4247 1958 4343 corrnat-At

174 4379 223 4465 in
259 4393 479 4466 costarum
511 4379 706 4466 fractura
738 4384 974 4467 methodus
1007 4381 1106 4464 haec
1136 4393 1325 4496 propter
1355 4379 1461 4466 alias
1493 4379 1690 4468 rationes
1741 4381 1957 4494 indicata,

177 4512 483 4594 tantummodo
516 4509 569 4592 in
602 4507 786 4594 minoris
803 4509 1018 4594 momenti
1053 4509 1384 4623 emphysemate
1401 4506 1529 4594 utilis
1562 4533 1656 4594 esse
1679 4519 1840 4625 potest.
1859 4508 1957 4595 Αόι·

171 4645 322 4720 autem
355 4636 568 4750 pulmone
603 4661 812 4748 egressus,
847 4635 926 4721 ubi
964 4635 1114 4718 tendit
1145 4645 1284 4720 extus
1317 4660 1409 4720 sese
1442 4629 1703 4743 effundere,
1723 4637 1867 4752 primo
1899 4641 1958 4724 ad

171 4761 471 4846 musculorum
504 4762 859 4850 intercostalium
895 4761 1042 4846 retum
1077 4761 1331 4880 cellulosam
1365 4789 1411 4848 se
1444 4762 1689 4874 convertit,
1706 4791 1838 4874 quam
1870 4764 1956 4848 lin·

170 4931 213 5015 e)
241 4931 475 4999 somnne.
502 4935 556 5000 De
583 4929 718 4998 morbis
741 4950 907 4998 vasorum
934 4925 1076 4996 absorb.
1104 4949 1134 4995 ι.
1162 4948 1194 4994 c.
1220 4931 1358 5020 p.157.
1386 4929 1405 5016 ᾖ
1431 4929 1550 4996 xttx.

172 5029 208 5120 Γ)
241 5035 289 5097 Le
315 5035 422 5100 oms.
452 5053 481 5098 ι,
510 5053 542 5100 ε,
570 5031 646 5098 obs.
680 5047 737 5109 24.

172 5135 216 5222 g)
237 5137 367 5200 Borm.
394 5133 638 5220 Vorlesungcn
663 5133 775 5202 ueber
799 5131 859 5200 dle
886 5129 1124 5200 Kranlrhelten
1149 5131 1214 5200 der
1240 5129 1426 5202 Knochen.
1456 5138 1632 5220 llerausg.
1660 5149 1735 5198 von
1760 5133 1803 5198 A.
1830 5135 1957 5199 Ruun-

231 5255 331 5304 mrn.
358 5237 506 5308 Uebers.
533 5257 607 5305 von
631 5239 875 5306 Srucmnmc.
907 5242 957 5306 8⁰.
984 5237 1125 5326 Lipsiae.
1159 5241 1257 5315 1804
1281 5239 1324 5306 T.
1352 5241 1383 5306 1.
1415 5257 1454 5324 p.
1472 5255 1535 5326 97.

1794 5381 1848 5460 rt
