4960 6054
1408 397 1497 500 ιθι

542 650 740 763 sequelas
777 643 891 731 oriri
923 644 1104 729 debere.
1142 641 1293 745 Quum
1328 651 1477 726 autem
1518 639 1568 724 in
1601 639 1672 727 his
1704 638 1975 728 laesionibus
2007 639 2226 756 imprimis
2258 669 2328 730 ac·

545 790 695 865 curata
728 773 941 880 omnium,
974 789 1088 881 quae
1122 771 1214 852 hdo
1247 778 1456 912 spectant.
1480 795 1629 853 rerum
1663 769 1864 880 cognitio
1881 765 2153 880 requiratur,
2186 773 2327 856 debet
2465 781 2466 798 ¹

544 906 777 1014 chirurgus
811 923 989 1040 operam
1022 901 1144 1022 dare,
1176 906 1231 978 ut
1262 893 1597 1002 accuratiorem,
1631 907 1848 1038 quantum
1888 893 2011 1002 licet,
2061 901 2212 982 ear'um
2245 923 2327 980 ex·

543 1031 840 1147 plorationem
874 1023 1097 1132 instituat,
1131 1048 1221 1132 quo
1239 1021 1396 1106 melius
1430 1047 1494 1105 ex
1527 1021 1726 1106 omnium
1760 1021 1984 1131 signorum
2034 1048 2085 1105 ac
2113 1032 2328 1137 sympto-

544 1169 710 1242 matum
743 1149 1071 1267 comparatione
1103 1175 1250 1234 veram
1268 1146 1413 1231 morbi
1445 1149 1689 1262 praesentis
1722 1145 2030 1233 conditionem
2047 1172 2254 1257 eruere,
2250 1147 2328 1232 di-

545 1283 733 1395 agnosio
767 1290 814 1366 et
846 1275 1088 1393 prognosin
1122 1286 1244 1360 recte
1279 1271 1533 1382 instituere,
1566 1286 1702 1385 atque
1734 1302 1816 1390 pro
1851 1269 2057 1360 viribus
2056 1273 2144 1362 suis
2176 1279 2236 1362 ad
2258 1301 2329 1390 ap
2465 1339 2466 1370 .

364 1465 367 1478 ·
428 1497 433 1508 ,
550 1411 757 1495 tissimum
793 1402 1014 1490 tractandi
1048 1383 1267 1487 rationem
1299 1401 1540 1514 pervenire
1571 1401 1724 1515 postit.

947 1626 1928 1760 carursscunncm

1188 1871 1684 1957 Drtcnosrs
1825 1923 1833 1944 ·

892 2001 1336 2104 hnunrutnilum
1370 2041 1987 2135 sucronrsvunnunuu.

1392 2379 1426 2492 i.
1449 2406 1486 2512 ⁷·‚

617 2545 676 2632 In
710 2545 966 2630 universum
1019 2553 1165 2628 tamen
1214 2515 1423 2630 difficile
1460 2555 1526 2630 est
1576 2555 1699 2637 certo
1749 2542 2083 2652 determinare,
2130 2553 2351 2658 penetra·

554 2671 674 2761 verit
713 2701 774 2760 ne
814 2673 977 2756 vulnus
1016 2667 1067 2752 in
1106 2670 1301 2782 pectoris
1343 2671 1600 2781 cavitatem,
1649 2699 1707 2756 an
1747 2699 1855 2759 non.
1902 2669 2177 2756 Antromrco
2193 2718 2209 2736 ·
2225 2694 2334 2752 rnr-

555 2818 789 2888 slonocrct
838 2819 1046 2882 cocusmo
1094 2799 1303 2908 partium,
1354 2819 1607 2906 (infatuato),
1648 2825 1763 2910 quae
1812 2796 1934 2884 laedi
1981 2801 2182 2913 possunt,
2231 2821 2336 2882 sem·

554 2956 638 3045 per
671 2928 755 3010 hac
788 2924 838 3008 in
872 2949 921 3008 re
954 2919 1084 3006 nobis
1117 2921 1234 3008 viam
1271 2931 1474 3040 pandere
1496 2919 1499 2926 ’
1525 2927 1678 3034 debet,
1713 2950 1826 3036 quae
1862 2925 1984 3008 enim
2018 2947 2336 3039 saepenumero

554 3056 630 3142 vel
665 3063 774 3138 tunc
805 3049 937 3134 nobis
971 3047 1292 3137 certitudinem
1325 3050 1593 3167 suppeditat,
1635 3045 1773 3161 quum
1807 3049 1924 3135 circa
1956 3077 2108 3138 omnes
2142 3049 2336 3159 reliquas

554 3180 808 3294 occasiones
842 3175 892 3260 in
925 3173 1066 3260 dubio
1098 3175 1367 3270 haereamus.
1385 3176 1504 3274 ,Hoc
1536 3189 1743 3292 respectu
1792 3206 1833 3265 v.
1868 3207 1913 3279 c,
1938 3177 2087 3288 magni
2120 3173 2336 3261 momenti

554 3318 621 3394 est
656 3301 906 3392 observatio
938 3328 959 3382 a
995 3297 1103 3390 Van
1136 3299 1433 3388 Grscnnnov
1464 3303 1595 3411 facta,
1627 3329 1803 3418 nempe:
1821 3305 2120 3412 instrumente
2145 3307 2338 3413 quodam

560 3429 657 3518 fere
690 3429 877 3538 oblique
911 3452 1039 3540 supra
1075 3427 1310 3516 claviculas
1345 3427 1517 3536 infixo,
1550 3429 1783 3542 pulmones
1819 3440 1964 3515 tamen
1982 3435 2039 3514 ad
2073 3431 2239 3514 collum
2271 3453 2339 3512 us·

558 3585 648 3672 que
681 3555 962 3672 porrigentes
993 3551 1113 3636 laedi
1145 3556 1270 3670 posse
1295 3549 1533 3665 *t-Plaga
1559 3555 1737 3640 sinistro
1754 3556 1948 3670 pectoris
1965 3554 2097 3640 lateri
2115 3553 2339 3638 immedia-

560 3695 605 3770 te
655 3710 784 3797 supra
824 3676 1050 3794 septimam
1083 3693 1245 3766 costam
1277 3681 1716 3798 perpendiculariter
1747 3709 1897 3767 versus
1933 3684 2155 3766 thoracem
2189 3678 2374 3790 gladio'

426 3785 434 3807 .
559 3809 699 3919 illata,
733 3835 811 3892 cor
844 3832 939 3888 non
972 3804 1212 3917 attingens,
1245 3807 1548 3894 ventriculum
1579 3835 1662 3921 per
1693 3806 1978 3921 diaphragma
2028 3801 2340 3924 petittl3-ne-

559 3963 649 4047 que
685 3934 828 4020 ullum
861 3932 1207 4018 instrumentum
1239 3935 1511 4021 anteriorem
1548 3931 1739 4018 thoracis
1786 3946 1956 4076 partem
1996 3945 2234 4047 penetrare
2267 3959 2340 4046 po-

561 4073 661 4170 test,
694 4058 866 4204 (saltem
899 4057 1072 4168 aliquot
1104 4061 1289 4174 pollices
1336 4088 1413 4148 suu
1453 4059 1588 4144 initio
1638 4059 1836 4173 regionis
1849 4055 2182 4207 epigastricae),
2216 4061 2340 4170 quod

559 4216 654 4274 non
677 4185 871 4304 pectoris
904 4184 1139 4272 cavitatem
1169 4189 1383 4300 adtigerit
1416 4180 1463 4274 ¹¹).

1400 4316 1493 4428 μ.

519 4482 522 4492 ’
600 4471 780 4592 'Signa,
815 4507 929 4590 quae
962 4485 1210 4566 ostendunt
1241 4480 1431 4566 vulnera
1480 4478 1533 4564 in
1569 4479 1762 4566 thoracis
1801 4480 2037 4567 cavitatem
2069 4479 2342 4597 penetrasse,
2462 4507 2463 4540 ι

489 4717 501 4734 ,
562 4649 597 4738 f)
625 4651 699 4715 Van
726 4651 893 4737 Gnsmmq.
920 4645 1159 4732 Abhandlung
1186 4665 1259 4712 von
1284 4643 1355 4712 den
1381 4643 1556 4714 Wunden.
1582 4647 1657 4714 Aus
1682 4645 1765 4714 dem
1790 4645 1885 4714 Holl.
1914 4645 2093 4716 tibersetzt
2123 4667 2196 4714 von
2233 4649 2278 4717 Α.
2305 4649 2342 4714 F.

640 4757 781 4818 Ldrua.
813 4755 833 4816 8
861 4752 954 4838 Lips.
988 4752 1093 4836 1796.
1121 4769 1157 4838 p.
1187 4751 1272 4814 561.
1301 4749 1319 4834 ς
1351 4751 1408 4815 16.
1698 4772 1703 4782 ·

568 4856 604 4944 ¹⁸)
632 4852 842 4920 Pulmouum
868 4869 976 4940 supra
1001 4853 1153 4938 primam
1179 4861 1314 4916 costam
1340 4849 1589 4935 elevationem,
1620 4869 1703 4940 quae
1731 4851 1876 4940 quidem
1901 4851 1999 4920 valet
2024 4852 2180 4920 maxime
2206 4851 2252 4918 ad
2266 4871 2345 4919 sco·

639 4977 725 5044 pum
752 4963 922 5051 nostrum,
949 4952 1049 5038 juxta
1075 4963 1233 5018 namnam
1258 4951 1437 5040 depictam
1463 4954 1547 5022 vide
1573 4953 1668 5042 apud
1694 4957 1737 5022 G.
1766 4957 1954 5022 Smnrrcrm
1980 4975 2011 5021 r..
2038 4973 2069 5021 c.
2096 4955 2184 5022 Tab.
2211 4957 2291 5022 v11.

562 5061 603 5149 g)
631 5063 708 5126 car.
736 5059 856 5122 Brm’s
882 5059 1019 5142 system
1045 5053 1110 5122 der
1135 5053 1562 5144 opnauvenchirurgie.
1589 5056 1799 5125 Uebersetzt
1824 5077 1897 5123 ron
1921 5060 1981 5125 Dr.
2007 5059 2186 5142 Romu,
2215 5057 2347 5126 bevor·

627 5168 756 5228 wortet
781 5175 853 5222 ron
878 5163 938 5228 Dr.
967 5159 1115 5228 uum.
1146 5161 1178 5224 8.
1205 5155 1322 5227 Berol.
1355 5162 1462 5246 rara,
1490 5163 1592 5228 Tom.
1620 5163 1667 5228 11.
1693 5179 1730 5246 p.
1759 5163 1845 5227 503.

566 5261 607 5350 h)
633 5265 823 5330 moremur.
852 5280 884 5330 ι..
913 5277 946 5328 c.
973 5264 1035 5350 Ep.
1064 5263 1124 5329 55.
1150 5271 1215 5330 art.
1241 5275 1303 5342 41.
1331 5281 1370 5352 p.
1402 5264 1555 5352 ¹75.-·S.
1583 5265 1732 5332 comer.
1759 5281 1792 5332 ι.
1818 5279 1853 5330 c.
1881 5266 1924 5336 Τ.
1952 5265 2017 5332 111.
2045 5283 2083 5350 p.
2111 5263 2200 5340 641.
