4960 6054
1028 441 1148 532 51'

608 667 947 799 CABUT
1017 665 1543 796 TERTIUM.¹
1669 689 1672 699 ’

624 897 1425 986 ,Pnoouosrs

545 1117 841 1186 VULNBRUM
879 1123 1079 1185 PRG’I'US
1118 1123 1555 1214 PEiOE'l'R‘ANTIUH.

982 1455 1159 1567 §252

226 1619 299 1702 De
331 1611 569 1701 vulnerum
600 1625 756 1730 pectus
787 1617 1124 1730 penetrantium
1156 1617 1364 1734 periculo
1392 1621 1636 1708 secundum
1673 1617 1756 1703 tria
1789 1615 1839 1700 in
1873 1641 1943 1728 sy-

155 1742 423 1828 ·utematibus
458 1743 698 1828 medicinae
731 1741 918 1828 forensis
952 1771 1116 1852 genera
1149 1755 1329 1858 recepta
1360 1747 1578 1858 judicare,
1611 1757 1678 1832 est
1693 1771 1823 1831 sensu
1840 1741 1939 1830 stri·

163 1867 298 1952 ctiori
331 1867 495 1952 medici
530 1866 747 1955 forensis·
764 1869 1014 1979 Chirurgus
1046 1883 1210 1986 autem,
1225 1935 1229 1940 .
1245 1872 1325 1987 qui
1373 1883 1518 1960 artem
1546 1872 1759 1976 medendi
1809 1893 1955 1954 exem.

163 2005 252 2100 cet,
286 1993 470 2079 eatenus
505 2003 679 2078 tantum
710 2000 867 2080 eadem
897 1997 1086 2080 vulnera
1117 2023 1247 2084 sensu
1279 2001 1566 2111 prognostico
1599 1999 1887 2083 considerare.
1914 2021 1940 2078 a

163 2143 209 2210 ae
243 2145 338 2203 non
370 2121 571 2203 alienum
616 2121 809 2264 putabit,
823 2133 1062 2230 ¹quatenus
1084 2126 1195 2207 haec
1244 2127 1520 2235 curam-ejus
1567 2125 1824 2229 admittent,
1864 2119 1940 2204 vel

162 2246 298 2387 plane
331 2256 465 2329 extra
499 2247 594 2352 ejus
628 2245 857 2356 regionem
884 2245 1032 2361 posita
1065 2249 1168 2336 sint
1201 2249 1304 2333 Hoc
1337 2250 1495 2360 rturtu,
1513 2277 1674 2367 nempe
1699 2275 1829 2336 sensu
1846 2246 1939 2330 ch1

162 2370 357 2481 rurgico‚
391 2371 461 2454 uti
494 2398 646 2456 omnes
679 2373 931 2458 laesiones
916 2401 968 2459 ιιι
1001 2401 1182 2490 genere,
1214 2378 1403 2464 vtdnera
1436 2406 1618 2520 quoque
1650 2385 1801 2462 nostra
1833 2381 1940 2460 sunt

162 2497 236 2626 vel
268 2517 497 2584 sannarum
529 2499 606 2588 vel
635 2521 928 2590 massanum.

981 2668 1009 2782 S
1049 2677 1126 2776 aa.

223 2825 289 2911 Hi
322 2840 432 2914 sunt
459 2829 625 2916 limites
658 2817 859 2916 extremi
889 2831 942 2916 m
990 2814 1155 2942 quihus
1183 2833 1340 2918 ¹omnia
1389 2835 1578 2921 vuinera
1627 2832 1942 2944 continentur,

159 2958 218 3038 ad
267 2983 456 3064 quorum
489 2958 761 3042 alterutrum.
805 2959 955 3040 omnia
1003 2963 1248 3043 secundum
1297 2960 1440 3046 varias
1479 2961 1847 3049 modificat-iones·
1871 2983 1939 3064 sug
1977 3049 1984 3060 ,
2104 2945 2108 2954 ⁸

160 3105 205 3162 as
237 3081 343 3192 plus.
368 3081 571 3166 nrinusve
609 3087 822 3168 accedere
856 3084 1044 3171 debent.
1089 3083 1393 3170 Nihilominus
1445 3097 1591 3172 tamen
1640 3086 1731 3171 vix
1773 3083 1938 3172 delini·

160 3204 203 3286 ri
251 3211 421 3319 potest,
470 3206 552 3288 ubi
601 3216 796 3291 cessante
846 3235 937 3292 una
986 3209 1144 3316 cineae,
1194 3215 1373 3295 tandem
1422 3213 1589 3325 incipit
1636 3212 1774 3312 altera
1782 3242 1799 3319 3
1849 3236 1938 3296 nec

160 3337 517 3440 unumquodque
545 3333 727 3418 *auduus
756 3359 947 3446 ·semper
998 3335 1095 3419 talis
1127 3347 1302 3419 naturae
1335 3363 1428 3423 esse
1458 3349 1581 3424 recta
1614 3338 1854 3451 reperitur,
1886 3345 1940 3422 ut
1998 3387 2001 3392 -
2040 3441 2043 3448 .

159 3483 343 3572 prorsus:
384 3459 470 3541 hoc
519 3463 577 3542 ad
631 3460 748 3542 hanc
798 3461 874 3552 vel
901 3451 1045 3544 ¹illam
1103 3460 1283 3547 classem
1338 3461 1507 3548 referre
1556 3465 1705 3549 liceat.
1755 3461 1939 3548 Pendet

161 3581 282 3670 enim
328 3609 512 3697 prosper
560 3584 758 3670 laesionis
812 3585 971 3695 exitus
1015 3615 1046 3670 a
1090 3587 1225 3672 variis
1274 3589 1632 3677 circumstantiis.
1687 3587 1791 3674 Hoc
1839 3587 1937 3700 qui·

160 3713 267 3793 dem
294 3707 582 3796 sufficienter
630 3737 656 3796 e
708 3712 861 3794 talium
902 3713 1132 3804 sanatione
1165 3715 1403 3800 vulnerum
1435 3717 1629 3858 pectoris
1661 3715 1938 3830 penetranti·
1997 3796 2002 3806 .

160 3861 240 3922 um
264 3847 471 3948 apparet,
499 3864 622 3945 quae,
651 3843 897 3923 secundum
932 3839 1121 3922 theoriae
1153 3867 1378 3954 prmcrpra
1394 3867 1617 3951 universa,
1649 3869 1730 3957 pro
1764 3841 1935 3926 insana-

159 3960 334 4046 biti-um
359 3989 596 4072 nunquam
626 3991 721 4048 uon
738 3966 1033 4050 habebantur
1061 3965 1278 4068 Quaenam
1312 3966 1462 4076 igitur.
1487 3995 1641 4053 eorum
1673 3971 1754 4052 sub
1774 3967 1961 4077 iisdem,

160 4086 505 4174 conditionibus
529 4115 688 4202 perse
737 4103 891 4176 sanatu
923 4113 1162 4177 aacmroua
1196 4095 1268 4177 vel
1302 4119 1622 4202 memoramus,
1672 4122 1775 4214 quae
1806 4121 1938 4206 prop

161 4223 232 4298 ter
263 4211 494 4297 laesionum
530 4212 718 4302 effectum
768 4242 962 4303 anonsos
996 4219 1170 4305 relax
1204 4245 1352 4302 sanun
1387 4231 1558 4304 tantum
1592 4241 1838 4312 summula
1889 4221 1933 4304 dr

159 4338 360 4450 denique
390 4365 473 4452 per
491 4343 708 4450 ¹sequelae
725 4343 903 4464 cuique
935 4343 1134 4460 ‘proprias
1173 4369 1406 4430 ternanta
1453 4348 1527 4432 vel
1575 4367 1849 4434 ιιιιιτιιιιιι
1881 4343 1935 4427 fi-

158 4477 254 4573 ant,
285 4467 658 4554 -haecomnia
710 4475 1013 4556 tantummodo
1063 4500 1090 4558 e
1139 4473 1468 4590 comparatione
1500 4437 1710 4568 instituta
1753 4497 1933 4596 cognos-

159 4599 340 4678 cuntur.
653 4623 658 4634 ·
700 4605 705 4613 “

975 4725 1194 4840 525.v

222 4879 551 4974 conditiones>
590 4891 647 4974 ad
696 4907 817 5001 quas,
849 4891 1134 5003 prognostice
1165 4897 1240 4976 'de
1279 4891 1542 4982 'vulneribus
1574 4893 1768 5010 pectoris
1798 4915 1936 5007 pene
2020 4943 2029 4960 ..
2111 4861 2117 4871 ¹

154 5052 427 5142 Μιείιίιιιμ,
455 5053 595 5124 welche
620 5053 804 5126 Ursachen
842 5055 1008 5124 koennen
1046 5061 1128 5128 eine
1163 5060 1322 5147 geringe‚
1352 5059 1464 5128 durch
1491 5059 1633 5129 scharFe
1659 5059 1747 5127 oder
1775 5055 1935 5144 erumpes

218 5155 447 5244 Werhzeuge
473 5157 682 5228 veursachte
709 5157 851 5229 Wunde
876 5159 1093 5248 gefahrlich,
1124 5162 1213 5230 oder
1240 5162 1387 5235 tddtlieh
1389 5143 1565 5236 mactent
1590 5169 1827 5233 Beantwortet
1852 5179 1933 5234 ιοῠι

216 5257 569 5331 nanctoacum.
596 5277 653 5344 40.
679 5265 794 5336 Wien.
829 5281 998 5356 179412.
1035 5271 1150 5336 1-82
