4960 6054
1033 457 1125 512 xxix

182 687 231 765 to
263 675 408 763 linteo
445 675 640 768 turunda
673 671 875 783 immissa,
893 685 1101 786 'utraque
1135 675 1265 760 simul
1299 679 1355 760 ml
1387 686 1633 760 externum
1651 679 1797 761 ae'rem
1815 641 1979 776 arcen-¹

177 827 286 908 dum
319 827 554 940 emplastro
587 822 844 934 glutinante
878 821 926 905 in
950 823 1130 938 ‘corium
1164 823 1283 908 illito
1300 827 1495 907 obducta
1515 835 1633 930 sunt.
1652 823 1806 907 Nihilo
1824 822 1965 909 secius
2087 827 2090 836 ’

40 1033 44 1046 .
177 969 404 1081 anxietas,
437 999 488 1055 ac
525 970 650 1056 tussis
682 969 828 1080 gravis
861 977 908 1052 et
941 968 1070 1077 sicca,
1104 967 1349 1080 febrisque,
1387 971 1595 1093 quotidie
1628 970 1803 1084 vesperi
1819 980 1962 1076 atleta,

175 1115 312 1200 sicuti
354 1119 508 1232 spasmi
555 1127 712 1204 noctes
745 1115 1276 1224 insomnes'reddebant,
1326 1143 1429 1225 quae
1463 1117 1609 1202 omnia
1660 1115 1805 1226 simul,
1854 1117 1963 1202 licet

163 1261 383 1346 'omnibus
420 1273 512 1348 tum
533 1269 603 1369 ad
635 1272 794 1362 statum
822 1231 1018 1376 corporis
1052 1261 1363 1370 universalem,
1401 1275 1492 1346 tum
1526 1251 1582 1346 ad
1616 1263 1817 1346 morbum
1851 1244 1963 1344 loca-

149 1407 266 1505 ,lem
299 1410 677 1522 cpnvenientibus
699 1408 910 1494 remediis
943 1408 1173 1516 adhibitis,
1207 1409 1354 1492 nihilo
1390 1420 1536 1494 tamen
1571 1409 1741 1492 minora
1774 1408 1961 1493 fiebant.
2060 1485 2064 1492 .

173 1553 333 1666 Neque
366 1551 500 1641 etiarn
534 1533 748 1664 indicata,
790 1565 913 1641 certe
947 1553 1250 1678 el'licacissirna
1302 1555 1514 1662 remedia,
1548 1557 1610 1642 sic
1643 1556 1764 1639 dicta
1813 1565 1962 1668 pecto-

173 1699 289 1784 ralia
316 1712 363 1787 ει
395 1700 779 1818 antispasmodica,
812 1729 899 1786 nec
933 1712 1135 1788 enemata
1171 1701 1451 1787 emollientia
1468 1711 1604 1812 atque
1630 1701 1865 1815 snpientia,
1884 1700 1963 1784 die

172 1874 445 1959 quocunque
480 1849 531 1932 in
564 1875 790 1962 vesperam
823 1846 1077 1932 inclinante
1111 1849 1330 1960 adhibita,
1365 1875 1451 1954 nec
1478 1851 1663 1932 demum
1681 1845 1860 1956 frigidae
1881 1845 1955 1929 tri·

170 2019 244 2077 um
280 1995 457 2079 dierum
490 1991 851 2104 fomentationes,
885 1994 1130 2105 quidquam
1165 2005 1334 2105 aegroto
1369 1993 1613 2108 profecere.
1653 1991 1800 2078 Tussis
1851 2018 1957 2075 vero

169 2140 499 2250 vehementior,
540 2109 774 2254 respiratio
807 2138 1062 2258 dil'licilior,
1094 2138 1213 2226 vires
1246 2141 1490 2228 debiliores
1524 2139 1574 2222 in
1607 2141 1761 2224 horam
1782 2137 1958 2226 fiebant

169 2283 249 2392 ita,
283 2296 336 2370 ut
368 2285 532 2395 quinto
563 2296 663 2402 post
695 2286 935 2370 laesionem
969 2277 1331 2372 die-nutrientia
1364 2301 1412 2373 ει
1430 2290 1687 2374 roborantia
1704 2287 1836 2375 simul
1855 2279 1956 2376 cuni

164 2433 469 2546 pectoralibus
505 2417 839 2520 medicamentis
873 2419 1170 2540 adhibenda,
1196 2433 1248 2518 in
1288 2434 1515 2518 armillum
1565 2461 1725 2521 vocare
1774 2453 1958 2518 necesse

166 2589 294 2666 esset.
325 2629 385 2647 -
420 2578 626 2667 Situsein
659 2583 790 2664 dorso
823 2580 983 2665 unicus
1016 2576 1122 2688 luit,
1156 2607 1248 2692 quo
1282 2592 1477 2691 aegrotus
1511 2609 1612 2666 cum
1644 2579 1812 2666 minori
1866 2595 1954 2660 ma·
2065 2641 2069 2648 .

166 2723 310 2834 lestia,
345 2736 637 2840 symptomata
670 2725 749 2810 illa
784 2699 976 2813 tolerare
1008 2727 1174 2842 potuit.
1207 2725 1340 2820 Alius
1372 2738 1522 2812 autem
1557 2731 1820 2839 quicunque
1852 2749 1974 2806 con-¹

164 2872 387 2956 ditionem
404 2874 678 2966 deteriorem
694 2874 929 2960 reddebat
951 2873 1103 2975 Quum
1122 2851 1263 2984 igitur
1287 2874 1472 2987 supinus
1490 2874 1783 2960 continenter
1799 2869 1953 2956 iacuis-

163 3027 247 3126 set,
265 3018 430 3114 l'actum
449 2992 529 3128 est,
546 3029 600 3102 ut
615 3008 758 3102 omnis
774 3019 960 3131 provida
979 3045 1086 3122 cura
1119 3020 1215 3104 eius
1248 3019 1488 3104 decubitbs
1521 3023 1720 3129 sequelas
1754 3043 1848 3139 non
1863 3041 1954 3098 tan-

6 3179 8 3190 '
105 3253 115 3272 ,
164 3173 555 3274 teverteret,quas
571 3159 755 3274 quidem
772 3190 855 3279 per
872 3159 1033 3250 multos
1066 3164 1117 3247 in
1133 3164 1320 3274 regione
1342 3164 1496 3248 sacrali
1529 3166 1650 3250 locos
1683 3189 1952 3276 gangraena-

161 3333 228 3396 sos
261 3307 575 3418 manifestatos,
609 3316 845 3422 unguento
879 3313 938 3393 de
974 3307 1163 3421 Styrace
1196 3309 1395 3418 deligare
1429 3311 1738 3428 praescriptum
1772 3321 1851 3396 est.
1901 3411 1904 3418 Ι
1963 3367 1971 3375 -
2027 3323 2045 3352 ⁸

225 3453 367 3540 Nocte
401 3455 464 3538 in
485 3457 721 3571 septimum
740 3454 902 3552 ‚morbi
936 3455 1056 3540 diem
1090 3457 1288 3540 abeunte
1322 3454 1471 3540 subite
1504 3483 1597 3544 sese
1631 3457 1788 3544 erexit
1809 3484 1834 3540 e
1852 3436 1949 3569 pul·

160 3627 296 3684 mone
328 3627 411 3715 per
442 3629 491 3687 os
523 3605 765 3688 vehemens
780 3602 1126 3720 haemorrhagia,
1151 3613 1289 3715 atque
1322 3601 1488 3686 iterum
1520 3631 1603 3718 per
1634 3605 1809 3716 aliquot
1852 3601 1949 3686 dies

162 3746 454 3859 erbulsionem
487 3723 1264 3862 mucilaginosoantiphlogisticam,·
1294 3752 1486 3833 eandem
1521 3778 1572 3834 ac
1604 3751 1681 3836 die
1723 3759 1820 3864 post
1873 3749 1946 3830 lae·

158 3893 329 3978 sionem
362 3895 521 4004 altero,
553 3907 736 4008 poscere
771 3893 863 3980 visa
908 3905 988 3980 est.
1036 3895 1152 3980 Haec
1186 3893 1510 4006 haemorrhagia
1543 3896 1852 3982 verisimiliter
1878 3920 1945 3977 or-

157 4048 203 4124 ta
237 4050 304 4125 est
337 4067 362 4124 e
395 4040 623 4149 sanguinis
656 4040 707 4124 in
739 4041 1029 4155 pulmonibus
1061 4040 1434 4160 accumulatione,
1468 4034 1608 4153 'qurnn
1641 4043 1833 4126 liberum
1862 4066 1946 4154 per

102 4167 108 4176 ’
156 4183 257 4270 illos
291 4185 532 4271 circuitum
565 4201 778 4300 peragere
800 4215 907 4272 non
955 4188 1129 4274 liceret.
1189 4187 1383 4276 Simulac
1419 4216 1528 4273 vero
1561 4189 1684 4304 puris
1717 4187 1942 4272 *excretio

153 4333 392 4441 succrevit,
426 4331 564 4418 febris
598 4359 781 4442 quoque
814 4334 1050 4419 imminuta
1084 4344 1163 4421 est.
1196 4335 1288 4420 Pus
1321 4337 1376 4418 ab
1404 4335 1541 4420 initio
1576 4335 1822 4442 cinereum,
1841 4361 1943 4416 cum

154 4477 272 4564 striis
306 4477 563 4588 sanguineis
595 4477 793 4563 mixtum
827 4491 876 4564 ει
908 4509 1002 4566 non
1036 4481 1167 4564 valde
1201 4481 1398 4594 spissum,
1431 4480 1550 4567 nihil
1584 4511 1609 4564 a
1642 4493 1803 4568 natura
1835 4481 1939 4564 alio·

152 4623 204 4708 ni
238 4625 514 4728 continebat.
551 4621 617 4708 At
651 4627 972 4740 suppuratione
1021 4625 1157 4738 magis
1206 4629 1432 4737 magisque
1481 4599 1779 4742 augespente,
1802 4655 1940 4738 aegro·

152 4781 239 4877 tus,
273 4769 358 4853 iam
393 4769 484 4854 cibi
518 4769 614 4856 lere
647 4798 826 4885 prorsus
858 4773 1118 4888 appetentia
1152 4774 1409 4882 destitutus,
1444 4775 1540 4889 pari
1557 4777 1735 4861 ratione
1767 4774 1940 4860 viribus
2015 4773 2018 4786 '

150 4913 239 5002 suis
272 4916 617 5004 destituebatur.
655 4917 944 5036 Quapropter
976 4947 1099 5006 nono
1131 4921 1209 5006 die
1243 4920 1400 5006 debili.
1421 4927 1663 5040 decoctum
1715 4921 1937 5006 corticum

150 5063 311 5146 chinae
360 5090 462 5148 cum
511 5063 692 5152 lichene
743 5065 960 5152 islandico
1012 5071 1056 5154 dr
1108 5053 1334 5158 ra'dicibus
1382 5071 1626 5184 polygalas.
1657 5095 1815 5152 amarse
1865 5063 1936 5150 uti

146 5219 354 5326 coeptum
403 5221 500 5340 est,
549 5211 625 5297 cui
673 5239 756 5328 pro
807 5241 857 5302 re
913 5227 1019 5302 nata
1076 5226 1284 5306 extracta
1339 5217 1586 5333 hyosciami
1633 5215 1787 5328 nigri,
1837 5213 1941 5300 cha·
