4960 6054
1410 475 1464 536 υ
1717 475 1720 483 ·

838 604 850 776 ,Ι
942 673 1282 768 CAPUT
1346 670 1921 766 SECUNDUM.

690 877 776 966 Du
806 903 1154 968 recusemus
1185 888 1577 966 excurrerunt
1610 903 1877 966 nncronrs
1911 893 2181 998 elumen.

1379 1237 1619 1352 tt·-

369 1493 378 1502 ,
480 1447 484 1452 ·
614 1402 766 1506 Quum
799 1403 985 1488 vulnera
1017 1399 1210 1516 pectoris
1242 1428 1338 1486 non
1377 1402 1664 1516 penetrantia
1712 1401 1756 1524 (§
1791 1431 1831 1492 2.
1872 1400 1917 1521 1)
1966 1404 2112 1490 minus
2145 1407 2202 1488 ad
2233 1427 2329 1490 nos·

550 1543 667 1619 trum
701 1529 847 1642 operis
880 1557 1057 1642 scopum
1073 1529 1348 1642 pertineant,
1375 1539 1606 1641 praeterea
1624 1558 1805 1642 quoque
1837 1557 1932 1616 non
1948 1530 2151 1614 habituri
2184 1529 2331 1638 simus,

549 1685 642 1770 quo
673 1661 731 1740 ad
764 1657 1025 1740 ulteriorem
1060 1654 1127 1740 rei
1159 1653 1584 1767 pervestigationem
1616 1657 1715 1771 plus
1748 1657 1950 1744 minusve
1968 1663 2026 1743 de
2060 1658 2115 1742 iis
2132 1681 2331 1766 quoque,
2468 1693 2469 1710 Ν

550 1809 665 1896 quae
697 1783 947 1896 respiciunt
979 1781 1074 1889 illa,
1107 1780 1383 1866 mentionem
1416 1779 1642 1892 iaciamus,
1676 1783 1753 1866 hic
1803 1809 1956 1868 eonun
2006 1807 2240 1868 rumorosus
2285 1793 2332 1865 ct
2467 1769 2469 1856 i

547 1933 795 1996 euoenosrn
828 1905 1010 1994 silentio
1043 1907 1404 2020 praetermittere
1437 1917 1653 2018 putamus.
1685 1961 1745 1976 --
1776 1909 1846 1994 De
1880 1931 2002 1998 conl
2036 1920 2332 1996 externorum
2468 1979 2469 2014 ,

548 2035 745 2154 pectoris
779 2036 1015 2118 vulnerum
1048 2035 1342 2140 observamus,
1374 2034 1639 2145 plerumque
1673 2033 1884 2122 sull'icere
1917 2037 1972 2124 iis
2005 2035 2254 2123 satisfacere
2272 2060 2334 2117 nv·

549 2185 865 2248 orcarronlnus
898 2183 1152 2267 cunlrrvrs,
1186 2185 1300 2268 quae
1333 2156 1384 2240 in
1416 2158 1654 2274 principiis
1704 2161 1956 2274 chirurgiae
2005 2161 2226 2273 generalis
2274 2166 2333 2246 de
2468 2199 2469 2212 v

340 2345 344 2352 -
458 2311 463 2320 ’
551 2286 827 2404 simplicibus
852 2296 899 2370 et
932 2283 1204 2398 complicatis
1237 2283 1502 2370 vulneribus
1521 2286 1816 2386 addiscuntur
1834 2282 1881 2375 b).
1914 2286 2061 2399 Atqui
2094 2287 2235 2374 Peter
2251 2285 2335 2370 Fo-

551 2441 664 2502 nusv
698 2408 727 2484 ⁶)
770 2439 939 2498 causam
973 2413 1089 2495 hanc
1122 2411 1215 2494 else
1257 2405 1503 2513 existimat,
1553 2433 1634 2489 cur
1682 2409 1844 2496 Glunn
1894 2413 2079 2526 ejusque
2127 2439 2336 2524 sequaces

551 2545 723 2652 “quum
739 2540 927 2632 vulnera
944 2537 1027 2622 ista
1049 2535 1219 2620 nullam
1235 2531 1542 2619 diversitatem
1572 2533 1627 2616 ab
1660 2531 1759 2616 aliis
1792 2535 2004 2640 habeant,
2020 2563 2112 2616 non
2140 2536 2337 2620 fecerint

551 2673 737 2754 “corum
770 2664 1045 2750 mentionem
1078 2656 1629 2776 specialem.“—Ceterum
1661 2683 1743 2742 nos
1774 2658 1971 2742 animum
2009 2660 2219 2744 adhunc
2252 2661 2339 2746 sin·

552 2795 750 2906 gularem
784 2784 1148 2910 (individualem)
1169 2813 1312 2872 casum
1344 2788 1580 2870 advertere
1613 2787 1839 2893 debemus,
1875 2785 1955 2894 qui
1989 2786 2171 2894 quidem
2203 2799 2339 2901 prout

552 2921 696 3007 laesae
729 2927 875 3032 partes
907 2943 959 3002 ac
990 2914 1236 3001 laesionum
1269 2937 1434 3022 genera
1468 2910 1657 3020 variant,
1705 2911 1846 2996 varias
1895 2938 2077 3022 quoque
2114 2913 2338 2998 tractandi

552 3048 751 3134 rationes
782 3041 989 3158 postulat.
1006 3040 1257 3151 Chirurgus
1278 3043 1336 3123 ad
1353 3037 1552 3123 vuhreris
1585 3037 1857 3122 solummodo
1874 3037 2173 3124 directionem
2201 3040 2341 3156 inpri·
2467 3029 2468 3080 ³

552 3174 636 3260 mis
667 3182 882 3279 attentus,
915 3168 1129 3281 cujusque
1162 3167 1397 3252 methodus
1430 3191 1484 3249 eo
1517 3164 1713 3250 maxime
1745 3177 1930 3281 spectat,
1953 3176 2006 3249 ut
2038 3165 2167 3252 forte·
2190 3179 2341 3252 extra·

555 3311 704 3386 vasato
738 3295 959 3407 sanguini,
992 3293 1196 3380 anteiri
1230 3291 1515 3378 extrinsecus
1545 3293 1806 3405 penetranti
1822 3293 2016 3376 liberum
2034 3293 2213 3378 exitum
2245 3321 2343 3408 sup

556 3424 735 3544 peditet
768 3435 815 3508 et
847 3421 1219 3528 intimationem,
1252 3445 1366 3529 quae
1402 3415 1451 3502 in
1485 3418 1568 3502 hac
1600 3416 1832 3503 occasione
1866 3424 2236 3530 quemadmodum
2261 3448 2343 3504 ex·

554 3549 785 3670 perientia
803 3554 952 3659 docet,
972 3559 1058 3634 tam
1075 3545 1207 3632 facile
1225 3543 1521 3630 interioribus
1535 3545 1729 3657 pectoris
1747 3545 1950 3658 pertibus
1975 3545 2343 3658 communicatur,

556 3688 817 3764 antevertat
850 3686 898 3760 et
931 3667 1205 3760 contusionis
1223 3673 1422 3783 sequelas
1455 3682 1694 3755 removeat:
1720 3671 1912 3758 maxima
1947 3699 2011 3756 ex
2026 3686 2153 3788 parte
2169 3699 2346 3790 prospe·
2466 3781 2467 3798 .

557 3833 661 3890 rum
694 3815 906 3908 eventum
940 3801 1125 3887 sortitur
1162 3795 1208 3885 ἀ).
1238 3797 1447 3908 Ideoque
1479 3823 1730 3911 persuasum
1762 3797 1876 3882 mihi
1925 3800 2086 3908 habeo,
2118 3802 2248 3885 malas
2282 3827 2348 3886 se-

538 3921 728 4046 quelas,
761 3940 814 4013 ut
846 3927 1171 4036 indurationes,
1203 3924 1388 4036 fistulas,
1422 3935 1637 4008 costarum
1671 3925 1835 4010 cariem
1884 3936 1931 4010 et
1980 3925 2155 4036 similia,
2202 3926 2348 4037 negli-

561 4057 743 4170 gentiae
791 4066 870 4140 aut
917 4080 1150 4168 perversae
1186 4076 1318 4140 curae
1366 4049 1515 4168 potius
1551 4049 1827 4166 tribuendas,
1859 4079 2049 4164 quama
2097 4053 2345 4140 laesionum

560 4185 753 4302 ipsarum
784 4185 946 4266 naturai
978 4181 1242 4266 derivandae
1275 4179 1381 4266 esse.

563 4427 608 4520 h)
634 4433 667 4496 J.
695 4433 730 4496 Ζ.
758 4433 928 4496 eurum
955 4413 1191 4493 lmtitutione'e
1219 4418 1425 4510 chirurgiae
1450 4421 1642 4492 rationalis.
1670 4425 1758 4493 Edit
1798 4429 1945 4494 Kreusis.
1983 4427 2023 4490 8⁰
2064 4421 2204 4512 Lipsiae.
2238 4445 2345 4512 v79q.

643 4541 743 4601 Torn.
775 4538 817 4598 ll.
844 4551 879 4620 p.
900 4526 1113 4618 295.-John
1139 4531 1230 4592 Bru.
1256 4524 1347 4594 iiber
1373 4525 1432 4592 die
1458 4531 1569 4594 Natur
1596 4525 1668 4595 und
1693 4526 1845 4615 Heilung
1873 4525 1938 4593 der
1951 4525 2182 4600 Wunden.,A.
2197 4523 2232 4592 d.
2247 4525 2352 4614 ungi.

645 4653 718 4700 von
744 4639 802 4701 Dr.
829 4639 951 4700 trous.
978 4635 1070 4724 Lips.
1097 4637 1199 4698 Tem.
1228 4631 1273 4694 11.
1301 4648 1338 4716 p.
1364 4633 1446 4717 295.
1512 4623 1515 4628 ’
1664 4619 1667 4624 ’
1715 4707 1720 4715 ¹
2204 4617 2209 4627 ’

565 4737 603 4826 c)
630 4739 722 4804 Petri
752 4743 897 4804 Forum
925 4735 1219 4804 Observationum
1245 4741 1282 4797 et
1310 4733 1529 4802 curatiomun
1568 4733 1797 4824 medicahum
1836 4743 1873 4800 et
1906 4729 2184 4820 chirurgicorum
2223 4749 2345 4822 opere.

644 4838 712 4909 fol.
740 4837 894 4906 lraucof
937 4841 1042 4907 1625.
1071 4835 1146 4904 Lib.
1174 4837 1235 4914 Vl.
1261 4833 1342 4903 obs.
1368 4839 1520 4903 xlvlll.
1549 4835 1666 4904 schol.
1693 4859 1730 4927 p.
1751 4860 1810 4924 9²·

566 4939 607 5034 d)
637 4947 676 5010 ll.
711 4950 832 5008 Brun.
862 4947 1137 5031 Pyrosoqcnmo
1165 4959 1211 5006 ru
1237 4939 1530 5026 npenoqaeauiro,
1548 4943 1756 5032 anypriu.
1782 4938 1871 5010 Edit
1901 4943 1942 5008 δ’
1968 4937 2345 5028 8⁰Petropoli'1814.

585 5099 589 5111 .
644 5049 746 5120 Tum.
774 5050 821 5114 11.
847 5065 884 5134 p.
907 5043 1151 5132 518.§r79.
