4942 6048
1378 289 1474 498 54.

1332 613 1498 730 se..

570 789 642 914 O.)
675 791 929 878 Druaanmo
945 803 1181 870 vaesanis.
1199 777 1401 893 Corpora
1432 778 1594 886 aliena,
1611 781 1866 890 'utcunque
1899 774 2153 890 diligenter
2185 801 2291 864 exa·

507 921 677 1008 minato
709 917 899 1001 vulnere
932 909 1143 1024 pectoris,
1176 909 1502 1016 nonnunquam
1522 915 1669 990 tamen
1687 933 1782 990 non
1798 903 2100 990 inveniuntur
2117 915 2165 992 et
2180 910 2288 992 dum

414 1083 418 1092 ¹
509 1074 685 1136 sensum
718 1065 900 1154 quoque
933 1035 1093 1146 aegroti
1125 1032 1208 1118 diu
1240 1033 1409 1139 latent,
1443 1033 1635 1116 subinde
1666 1033 1896 1146 prodeunt
1913 1030 1964 1115 in
1988 1032 2287 1147 lucem„saepe

509 1173 634 1260 inter
668 1168 992 1257 tractationem.
1025 1161 1156 1244 Tunc
1190 1159 1421 1245 interdum
1454 1157 1615 1243 iterata
1648 1181 1953 1244 nlbssfflottlt
1984 1157 2187 1246 vulneris
2204 1185 2288 1245 ex·

514 1299 650 1409 terni,
683 1297 776 1384 sive
807 1295 999 1404 quadam
1032 1296 1411 1399 contra-apertura
1428 1311 1538 1397 opus
1570 1297 1650 1374 est.
1682 1285 1775 1371 Hic
1805 1309 1915 1372 vero
1931 1285 2079 1370 omnia
2096 1295 2289 1401 sympto·

513 1434 629 1510 mata
662 1423 811 1508 subito
842 1419 1110 1532 plerumque
1142 1410 1195 1497 in
1227 1411 1444 1498 deterius·
1463 1423 1709 1521 mutantur,
1741 1414 1869 1498 nulla
1901 1437 2029 1498 eausa
2060 1411 2289 1498 sufficien-

515 1563 562 1638 te
609 1545 842 1667 patefaeta.
877 1535 1111 1650 Quaamv,
1142 1541 1229 1648 jam
1262 1538 1339 1624 die
1374 1537 1599 1647 trigesimo
1621 1550 1722 1655 post
1753 1539 1915 1626 vulnus
1947 1550 2194 1654 acceptum,
2227 1538 2294 1622 in·

515 1677 728 1762 cisionem
761 1681 929 1786 septem
960 1669 1036 1752 vel
1068 1677 1171 1751 octo
1203 1665 1416 1779 pollicum
1451 1666 1573 1752 inter
1590 1679 1727 1752 costae
1759 1665 1986 1784 septimam
2019 1669 2064 1752 dr
2096 1674 2295 1750 octavam

515 1801 642 1910 fecit,
676 1827 701 1886 e
733 1794 1019 1912 pulmonibus
1050 1802 1231 1879 acutum
1264 1790 1559 1901 fragmentum
1593 1803 1833 1900 amoturus,
1866 1796 1990 1905 quod
2037 1791 2156 1877 circa
2203 1791 2291 1875 hoc

518 1941 689 2042 tempus
723 1929 1015 2037 symptomata
1048 1918 1198 2030 grana
1230 1909 1525 2006 excitaverat
1556 1917 1675 2005 Talis
1724 1919 1931 2004 dilatatio
1972 1919 2139 2034 optime
2170 1943 2293 2032 pera·

465 2061 474 2068 '
516 2056 640 2166 gitur
672 2053 819 2136 cultro
852 2073 1040 2132 acumen
1088 2050 1294 2132 obtusum
1342 2047 1563 2158 habente,
1610 2048 1685 2136 vel
1716 2045 1940 2164 simplici,
1972 2049 2030 2134 ad
2049 2043 2290 2162 cuspidem

520 2179 705 2290 globulo
739 2201 870 2263 cereo
903 2173 1138 2270 instructo.
1171 2239 1175 2246 ·

1338 2341 1479 2456 sss.
1564 2363 1566 2370 v

585 2507 662 2630 D.)
695 2491 1162 2598 Connus-neuwen.
1181 2497 1369 2590 Accidit
1384 2505 1642 2618 aliquando,
1660 2515 1714 2590 ut
1731 2531 1889 2620 corpus
1906 2505 2117 2612 alienum,
2135 2497 2293 2626 (glans,

523 2639 668 2754 cuspis
700 2630 893 2753 sagittae)
929 2645 1021 2719 tota
1051 2633 1247 2758 pectoris
1281 2634 1472 2719 cavitate
1505 2661 1600 2718 non
1633 2631 1872 2748 perforata,
1905 2634 1977 2718 vel
2010 2634 2295 2720 subcuteso

467 2843 472 2848 .
520 2767 616 2852 lum
649 2765 801 2849 lateris
833 2760 1042 2876 oppositi,
1075 2760 1150 2844 vel
1183 2759 1234 2842 in
1266 2763 1453 2843 duarum
1488 2767 1705 2844 costarum
1740 2758 1987 2846 interstitio
2027 2757 2296 2862 substiterit,

524 2895 649 3004 quod
685 2902 793 2975 tuno
825 2885 1074 2972 necessario
1108 2888 1412 2970 exsecandam
1445 2879 1562 2972 θεῖ’).
1595 2885 1682 2970 Res
1714 2886 1911 2972 maxime
1944 2911 2142 3000 operosa,
2176 2883 2215 2969 si
2248 2883 2300 2964 il·

521 3019 607 3102 lud
639 3015 756 3101 forte
789 3015 848 3098 ad
880 3013 1129 3097 columnam
1177 3013 1475 3098 vertebralem
1514 3011 1728 3121 haeserit,
1777 3011 1859 3097 ubi
1907 3022 2042 3098 costae
2088 3010 2299 3126 proxime

523 3141 941 3254 adjacenl.RodE1t
972 3137 1222 3223 Parmensis
1272 3143 1419 3232 (Rosea.
1433 3155 1526 3226 ehu.
1554 3155 1645 3226 Libr.
1673 3163 1733 3224 111.
1748 3177 1825 3247 cap.
1842 3161 1969 3226 XXIV.
1983 3153 2048 3222 fol.
2067 3155 2156 3244 374)
2221 3136 2300 3220 tali

525 3272 577 3358 in
611 3293 744 3374 casu,
792 3291 986 3378 nempe,
1034 3263 1117 3347 ubi
1168 3289 1328 3377 corpus
1378 3263 1576 3348 alienum
1609 3263 1801 3383 (sagittae
1850 3260 2028 3382 cuspis),
2068 3261 2192 3348 inter
2232 3290 2302 3346 co·

526 3409 611 3485 stas
637 3397 829 3504 baereat,
862 3391 1018 3472 hanun
1052 3389 1362 3498 interstitium,
1397 3399 1614 3500 quantum
1647 3417 1770 3505 opus,
1804 3391 2020 3476 dissecare
2045 3400 2092 3473 et
2108 3414 2303 3475 cuneum
2459 3383 2460 3388 ‘

527 3522 700 3610 inferre
750 3517 957 3626 monuit,
991 3542 1082 3625 quo
1131 3513 1250 3598 illud
1281 3511 1456 3600 facilius
1506 3509 1824 3603 extrahatur).
1859 3514 2007 3603 Simili
2066 3515 2300 3602 occasione

527 3653 747 3735 adductus
781 3635 1019 3726 immo>
1053 3639 1248 3760 (nempe,
1282 3648 1405 3750 quod
1437 3642 1559 3751 glans
1599 3643 1649 3726 in
1680 3642 1876 3758 pectoris
1914 3643 2105 3726 cavitate
2143 3643 2303 3750 latens,

526 3783 714 3894 propter
746 3779 868 3860 arcta
899 3766 1205 3854 intercostalia
1237 3766 1500 3876 interstitia,
1533 3796 1615 3882 per
1631 3768 1802 3858 solitam
1834 3769 2192 3885 paracentbesin,
2226 3769 2302 3852 vel

529 3899 834 3988 sufficientem
868 3905 1085 3980 costarum
1117 3892 1444 4004 diductionem,
1479 3894 1625 3980 eximi
1667 3921 1763 3982 non
1794 3892 1990 4012 poterat)
2023 3921 2050 3980 a
2082 3893 2304 4012 superiori

529 4039 664 4148 costae
681 4022 880 4134 margine
916 4031 1003 4104 tam
1034 4045 1240 4130 magnum
1258 4046 1436 4132 segmen
1469 4021 1617 4106 cultro
1649 4019 1910 4107 lenticulari
1926 4017 2053 4130 fecit,
2086 4035 2306 4133 quantum

528 4180 691 4267 nempe
724 4156 783 4234 ad
811 4145 993 4232 'arteriae
1030 4145 1328 4233 intercostalis
1353 4147 1659 4258 integritatem
1692 4152 1951 4233 servandam
1988 4147 2138 4260 licuit,
2152 4173 2305 4262 neque

530 4281 611 4366 ille
645 4279 694 4363 in
728 4277 890 4387 glande
915 4273 1209 4359 extrahenda
1240 4274 1403 4358 malum
1436 4301 1678 4360 successum
1711 4274 1884 4361 babuit.

597 4401 647 4494 Si
682 4403 823 4514 igitur
856 4424 1015 4514 corpus
1047 4398 1246 4486 alienum
1281 4401 1361 4487 tali
1389 4403 1540 4512 modo,
1572 4403 1627 4488 ab
1660 4401 1788 4488 aditu
1822 4429 1900 4488 suo
1918 4401 1970 4487 in
1992 4411 2307 4528 pectus-remo·

531 4705 573 4790 1)
599 4701 788 4770 Mdmoires
813 4695 859 4764 de
885 4693 1104 4762 l’Academie
1130 4696 1255 4786 royale
1280 4695 1326 4765 de
1352 4693 1545 4786 Chirurgie.
1574 4717 1603 4765 r.
1631 4715 1662 4764 c.
1689 4701 1789 4768 Tom.
1808 4703 1842 4766 11
1855 4721 1891 4789 p.
1914 4703 2108 4788 115-119.

533 4809 571 4896 4)
598 4796 806 4890 Huiusmodi
833 4796 1038 4888 exemplum
1050 4795 1134 4865 vide
1147 4799 1242 4888 apud
1258 4805 1370 4866 Rioar
1383 4799 1552 4891 (Medical
1565 4804 1886 4870 communicatione
1906 4801 1986 4870 Vol.
2003 4807 2048 4870 11.
2062 4799 2173 4871 Lond.
2194 4799 2306 4890 ¹79⁰)

599 4906 637 4971 in
662 4907 830 4970 uremur
857 4898 947 4967 sibl.
977 4897 1130 4987 cururg.
1156 4905 1258 4970 rom.
1287 4905 1529 4994 x111.p.57s.
1704 4891 1707 4900 “

534 5003 565 5098 l)
592 5001 701 5076 wilh.
732 5005 909 5072 Stameni.
940 4999 1152 5071 Gesclrichte
1179 5003 1244 5071 der
1269 5001 1421 5092 chinng.
1450 5005 1698 5096 Operationen,
1726 5000 1785 5073 od.
1818 5015 1902 5078 ater.
1921 5001 2167 5078 Thaumas.
2185 5005 2312 5078 Senm-

597 5115 690 5176 cst’s
716 5101 934 5186 Geschichte
956 5101 1020 5170 der
1046 5102 1240 5192 Chirurgie.
1270 5111 1320 5174 8⁰.
1347 5105 1473 5175 llollre.
1506 5113 1612 5197 1819.
1626 5130 1661 5198 p.
1678 5107 1762 5198 571.

535 5211 587 5300 m)
614 5215 761 5282 tumr.
789 5229 819 5276 1..
847 5229 877 5278 c.
905 5210 1006 5277 Tora.
1033 5209 1078 5274 11.
1106 5208 1241 5300 (1819)
1254 5230 1290 5298 p.
1310 5211 1390 5278 188.
