4960 6054
1016 425 1017 430 ,
1056 371 1111 521 29

1010 637 1036 751 S
1079 666 1150 726 21.

753 805 1082 870 Rusarnmo
1123 823 1176 867 uu
1214 823 1417 870 tonsus.
1531 831 1534 836 ·

278 939 545 1028 llnserua'rro
579 955 626 1030 et
675 965 833 1029 euneos
867 945 1003 1053 digna
1051 950 1170 1051 sunt,
1220 970 1409 1052 qnorum
1459 943 1510 1025 in
1559 944 1822 1030 vulneribus
1869 973 1968 1060 pec·

192 1075 263 1151 tus
294 1071 638 1180 penetrantibus
671 1070 961 1185 dispiciendis
994 1097 1165 1183 semper
1197 1079 1446 1182 respectum
1488 1071 1735 1156 habeamus:
1769 1073 1871 1154 Non
1904 1100 1967 1155 ra·

189 1219 241 1274 ro
275 1193 347 1277 vel
382 1223 446 1280 ex
478 1195 581 1310 ipsis
613 1197 759 1283 statim
792 1197 955 1281 vulnus
988 1195 1204 1303 ejusmodi
1238 1206 1467 1308 acceptum
1501 1198 1965 1305 sequentibushar'um
2040 1220 2045 1224 ·

188 1317 474 1405 functionum
507 1324 831 1407 mutationibus
865 1323 1017 1432 colligi
1052 1333 1214 1436 potest,
1248 1322 1364 1405 illud
1399 1321 1633 1406 cavitatem
1666 1325 1860 1436 pectoris
1892 1351 1965 1438 pe·

187 1454 383 1530 netrasse
417 1457 463 1530 et
495 1460 641 1561 partes
675 1449 875 1533 internas
909 1450 1030 1533 laesas
1063 1476 1167 1534 esse.
1204 1445 1381 1548 Quibus
1422 1450 1790 1561 symptomatibus
1824 1459 1964 1534 muta-

189 1569 334 1656 tiones
367 1571 464 1656 istae
497 1575 773 1684 indicantur,
807 1575 1058 1659 videbimus
1090 1575 1140 1656 in
1158 1573 1357 1658 sectione
1389 1577 1627 1658 vulnerum
1643 1577 1838 1687 pectoris
1863 1603 1963 1658 cum

143 1775 148 1782 .
186 1695 466 1783 internarum
499 1703 694 1813 partium
726 1703 910 1785 laesione
945 1702 1304 1808 conjunctorum.
1353 1700 1486 1782 Nunc
1519 1700 1620 1800 satis
1664 1711 1729 1785 est
1762 1704 1961 1786 observa-

185 1847 251 1930 re,
284 1820 592 1937 respirationis
625 1838 672 1910 et
705 1825 931 1936 sanguinis
964 1825 1271 1910 circulationis
1304 1823 1563 1909 functiones
1599 1814 1862 1910 vulneribus
1895 1854 1961 1910 su·

183 1947 492 2060 perficialibus
524 1947 618 2036 non
642 1953 840 2035 'multum
873 1952 1309 2064 impediri—saltem
1344 1954 1430 2034 hoc
1462 1952 1615 2063 primis
1650 1953 1835 2060 quidem
1869 1953 1962 2060 die·

184 2073 267 2158 bus
299 2087 397 2188 post
430 2063 659 2162 laesionem
694 2077 868 2184 factam,
917 2077 968 2159 in
1018 2077 1351 2190 comparatione
1382 2078 1637 2196 vulnerum,
1675 2105 1780 2188 quae
1812 2090 1961 2191 partes

183 2199 289 2284 alias
322 2202 703 2322 spectant3-(nisi
739 2231 888 2289 earum
921 2204 1219 2287 mutationum
1253 2203 1382 2286 simul
1416 2203 1634 2312 rationem
1661 2204 1836 2312 habeas,
1855 2232 1958 2314 quae

181 2350 292 2408 mox
326 2327 553 2416 laesionem
586 2340 852 2438 sequuntur,
887 2327 968 2412 ubi
1001 2327 1220 2412 sauciatus
1252 2355 1344 2412 sese
1378 2355 1401 2410 a
1435 2336 1574 2435 metu,
1623 2321 1807 2440 angoreJ
1842 2329 1959 2413 indi·

123 2549 133 2567 .
181 2448 395 2562 gnatione
428 2456 502 2539 vel
535 2455 633 2539 aliis
661 2456 885 2564 ejusmodi
917 2454 1247 2567 pathematibus
1280 2459 1482 2574 nondum
1516 2449 1710 2572 refecit).
1751 2455 1958 2550 Vulnera

179 2603 287 2662 vero
320 2581 604 2692 penetrantia
637 2580 892 2667 immediate
934 2607 1033 2664 cum
1067 2577 1274 2664 maximis‘
1321 2581 1738 2694 perturbationibus
1780 2581 1957 2664 illarum

61 2709 68 2722 ’
177 2699 466 2791 fonctionum
499 2710 740 2816 conjuncta
789 2699 955 2806 eunte),
982 2701 1064 2792 Sin
1103 2707 1264 2794 vulnus
1304 2714 1512 2819 penetrat
1546 2716 1701 2818 pectus
1752 2733 1807 2790 eo
1839 2707 1955 2816 loco,

179 2857 270 2940 quo
302 2832 535 2944 pulmones
567 2832 686 2919 forte
719 2834 901 2918 fortuna
936 2860 1036 2916 cum
1069 2833 1225 2946 pleura
1259 2833 1532 2944 coaluerant,
1558 2835 1706 2944 potest
1738 2833 1825 2914 hoc
1858 2834 1953 2916 vul-

175 2981 262 3040 nus
294 2963 351 3046 ad
381 2956 737 3070 profunditatem
786 2987 879 3042 non
914 2959 1127 3068 exiguam
1167 2958 1218 3040 in
1255 2958 1435 3040 thorace
1486 2957 1696 3064 extendi,
1729 2983 1815 3040 nec
1849 2962 1953 3044 aere

99 3157 111 3184 ,
176 3080 306 3165 simul
341 3083 391 3165 in
424 3086 548 3167 hunc
568 3085 793 3195 ingresso,
842 3111 927 3189 nec
959 3084 1223 3196 pulmonum
1271 3079 1509 3166 functione
1543 3083 1810 3196 interrupta.
1860 3083 1953 3168 Hic

183 3219 328 3291 tamen
381 3235 563 3319 qrioque
614 3199 880 3324 exceptioni
929 3211 1076 3293 locum
1110 3235 1216 3316 esse,
1256 3210 1417 3320 probat
1465 3202 1654 3290 Anrxnd)
1693 3209 1952 3328 exemplum

175 3325 376 3448 vulneiis
407 3337 583 3448 puncti,
618 3364 709 3445 quo
759 3335 995 3447 respiratio
1043 3334 1187 3418 libera
1236 3335 1523 3444 permanebat
1572 3344 1619 3417 et
1659 3344 1852 3442 aegrotus
1888 3345 1952 3420 sat

173 3461 292 3544 bene
325 3487 371 3545 se
404 3464 613 3570 habebat3
647 3489 734 3573 qua
768 3461 952 3571 quidem
985 3487 1035 3544 re
1068 3457 1246 3543 inducti
1281 3457 1498 3566 chirurgi,
1539 3485 1689 3542 curam
1722 3462 1949 3544 vulnerati
2016 3536 2019 3542 .

172 3586 404 3695 habentes,
436 3587 486 3670 in
520 3615 614 3672 earn
646 3588 907 3701 opinionem
929 3597 1182 3702 ‚venerunt
1215 3584 1378 3670 vulnus
1401 3611 1495 3667 non
1521 3587 1951 3699 'penetrantisnatu

45 3723 53 3734 “
172 3739 234 3824 rae
270 3739 376 3821 esse,
409 3723 456 3798 et
489 3714 717 3825 quidquid
749 3713 896 3830 operis
925 3711 978 3824 ,in
1015 3714 1097 3798 ista
1120 3709 1404 3826 persuasione
1436 3711 1760 3820 adhibuerunt,
1788 3716 1950 3798 damno

171 3832 754 3950 fuitaegroto.ll1cnrnu‘)
792 3853 937 3924 tamen
970 3837 1079 3924 huic
1111 3837 1255 3922 morbi
1289 3836 1489 3920 historiae
1523 3837 1712 3923 dil'l'idit.

234 3964 539 4078 Experientia
573 3965 744 4074 docuit,
779 3965 912 4051 etiam
945 3965 1138 4078 pectoris
1172 3962 1357 4047 externi
1393 3963 1596 4070 vulnera,
1639 3963 1675 4047 si
1712 3964 1799 4047 vel
1818 3964 1950 4050 mini·

170 4115 289 4172 mum
323 4091 371 4173 in
403 4089 713 4204 profunditate
746 4094 963 4178 musculos
996 4091 1115 4175 illud
1151 4098 1350 4199 tegentes
1382 4088 1739 4200 penetraverint,
1774 4101 1945 4175 tantum
2001 4193 2007 4204 ,

153 4214 370 4301 'dolorem
404 4217 624 4325 excitare,
657 4228 709 4300 ut
742 4219 974 4333 respiratio
1009 4219 1100 4330 ipsa
1132 4217 1313 4299 molesta
1346 4213 1442 4299 siat.
1475 4207 1747 4304 ''Vaesanv'fl
1797 4241 1962 4301 enem-¹

166 4342 291 4454 plum
324 4343 472 4452 magni
504 4343 706 4428 vulneris
739 4352 796 4430 ad
829 4345 1047 4428 sinistram
1080 4343 1313 4457 scapulam,
1346 4367 1370 4423 a
1402 4349 1529 4453 parte
1549 4353 1683 4426 costae
1719 4347 1944 4451 secundae,

167 4485 307 4584 prope
342 4471 570 4554 vertebras
603 4469 959 4587 dorsalesillati‚
992 4468 1141 4580 alleri,
1160 4472 1299 4580 'quod
1332 4465 1674 4576 sanguinolenta
1697 4478 1839 4580 sputa,
1860 4481 1942 4554 tus·

164 4697 203 4783 c)
233 4699 401 4762 Scunmz.
429 4693 590 4762 Versuch
629 4695 726 4760 einer
764 4693 857 4760 med.
897 4677 1052 4779 chirurgss
1078 4689 1288 4778 Diagnostik
1328 4690 1365 4754 in
1391 4688 1575 4757 Tabellen.
1616 4689 1705 4758 Edit.
1737 4702 1774 4758 η·
1818 4689 1943 4760 meod.

235 4803 341 4864 18¹2.
370 4797 435 4864 fol.
461 4817 497 4886 p.
532 4814 611 4875 ¹4¹·
638 4801 723 4862 LVI.
748 4797 817 4882 Ab,
847 4815 876 4862 a.

169 4899 210 4990 d)
249 4902 350 4965 Aznc
403 4887 596 4968 Observata
644 4897 855 4986 chirurgica.
910 4903 960 4965 8⁰.
1001 4897 1209 4982 Alteuburg.
1263 4895 1368 4981 1776.
1409 4893 1508 4966 Face.
1534 4899 1577 4962 11.
1622 4917 1660 4990 p.
1687 4919 1761 5000 'ror
1792 4921 1840 4950 -·
1858 4896 1939 4961 roll.

123 5101 138 5112 “
162 5105 200 5194 ε’)
228 5002 506 5171 Rigiiefxllllibl.
535 5101 684 5189 chirurg.
713 5106 813 5169 Tom.
841 5104 899 5168 IV.
927 5123 962 5189 p.
996 5103 1078 5170 186.

158 5207 415 5298 Oblonoaoru.
444 5229 473 5276 ι.
502 5226 532 5274 c.
560 5209 660 5276 Tom.
688 5209 748 5276 IV.
774 5205 849 5276 Lib.
877 5207 936 5272 IV.
962 5209 1023 5294 Ep.
1051 5205 1140 5273 t111.
1167 5210 1231 5270 art.
1266 5215 1320 5280 14
1348 5220 1384 5289 p.
1417 5221 1499 5288 ²70·
