4960 6054
1402 409 1455 490 28

540 637 651 722 tium
683 633 868 720 laesione
900 625 1048 720 locum
1080 633 1261 739 habere,
1294 655 1445 743 neque
1478 630 1682 737 vulnera,
1714 628 1796 714 ubi
1828 632 1915 717 hoc
1937 627 2035 740 fiat,
2066 657 2241 747 semper
2256 639 2316 720 ad

535 761 729 878 pectoris
762 761 997 845 cavitatem
1046 768 1284 877 penetrare
1295 752 1334 843 ²).
1383 755 1480 840 Ae'r
1519 781 1679 870 nempe
1721 756 1771 840 in
1803 761 1966 844 vulnus
2010 760 2200 846 thoracis
2233 789 2316 846 ex·

539 888 755 972 trinsecus
796 889 1059 1002 irrumpens,
1092 899 1227 996 atque
1244 912 1325 997 per
1356 884 1521 968 vulnus
1554 884 1747 968 liberum
1780 885 1867 969 sibi
1896 887 2075 970 exitum
2108 889 2314 1000 aperiens

463 1067 467 1076 ·
536 1011 680 1134 (quod
711 1015 975 1128 plerumque
1009 1015 1058 1098 in
1092 1010 1354 1096 vulneribus
1387 1009 1556 1120 magnis
1589 1007 1683 1128 fit),
1715 1037 1944 1124 nunquam
1978 1011 2028 1096 in
2061 1015 2316 1127 proximam

536 1133 688 1224 etlla'm
722 1143 974 1226 cellulosam
1009 1140 1162 1224 intrat.
1213 1134 1501 1222 Contrarium
1532 1161 1642 1220 vero
1677 1137 1728 1221 in
1761 1164 1862 1224 casu
1895 1139 2098 1252 opposito
2130 1141 2313 1236 accidit,

534 1265 850 1380 Emphysema,
882 1267 953 1350 uti
986 1278 1142 1350 notum
1176 1273 1257 1370 est,
1289 1264 1584 1373 conjungitur
1617 1291 1799 1374 quoque
1832 1291 1932 1348 cum
1965 1265 2229 1350 vulneribus
2257 1269 2315 1350 la·

533 1393 693 1504 ryngis
727 1405 773 1478 et
805 1393 983 1477 arteriae
1016 1417 1197 1506 asperae,
1230 1389 1311 1473 ubi
1337 1381 1571 1474 Hennam)
1605 1391 1724 1474 idem
1757 1389 1932 1504 saepius,
1949 1417 2080 1502 quam
2103 1400 2201 1504 post
2217 1394 2312 1506 pul·

532 1543 714 1602 monum
747 1518 951 1604 laesiones
986 1517 1170 1604 evenire
1203 1517 1451 1630 perspexit.
1485 1516 1686 1602 Laesione
1725 1542 1834 1602 vero
1882 1516 2082 1630 laryngis
2116 1528 2163 1602 et
2195 1545 2314 1631 aspe-

532 1671 597 1726 rae
629 1647 807 1729 arteriae
840 1635 1020 1730 vrdne'ri
1054 1645 1229 1728 cuidam
1254 1643 1455 1755 pectoris
1496 1652 1544 1726 et
1584 1642 1904 1756 emphysemati
1937 1643 2068 1726 valde
2101 1653 2312 1754 extenso,

531 1775 791 1878 accedente,
840 1767 974 1854 facile
1007 1780 1192 1885 propter
1224 1771 1508 1881 emphysema
1539 1768 1591 1851 in
1641 1793 1837 1852 errorem
1887 1769 2169 1877 deducimur,
2219 1797 2311 1882 quo

529 1895 675 1982 minus
708 1897 870 1980 vulnus
902 1896 1095 2010 pectoris
1127 1924 1209 2011 pro
1241 1903 1510 2008 penetrante
1543 1893 1864 1979 existimemus.
2190 1901 2193 1910 '

593 2079 893 2196 Emphysema
925 2081 1189 2194 plerumque
1222 2087 1405 2190 angusta
1439 2087 1487 2164 et
1518 2079 1703 2189 obliqua
1741 2078 1929 2162 vulnera
1961 2092 2129 2192 puncta
2180 2081 2310 2168 comi·

391 2305 394 2312 ⁴
532 2216 666 2315 tatur,
715 2206 942 2320 praecipue
991 2231 1098 2290 vero
1133 2205 1183 2288 in
1214 2203 1415 2318 partibus
1448 2202 1598 2313 linita,
1647 2227 1750 2314 quae
1783 2206 1971 2287 multum
2020 2207 2143 2290 laxae
2188 2208 2309 2292 tellae

528 2334 754 2420 cellulosae
788 2333 972 2442 habent,
1005 2357 1045 2418 e.
1079 2360 1119 2442 g.
1153 2332 1234 2416 sub
1250 2329 1420 2416 axillis.
1463 2327 1594 2417 Inter
1625 2332 1812 2456 vulnera
1845 2342 2028 2443 puncta,
2061 2359 2174 2443 quae¹
2200 2361 2307 2421 mus-

527 2461 663 2566 culos,
695 2460 967 2573 pectoralem
1000 2459 1210 2565 majorem
1244 2466 1292 2541 et
1323 2456 1579 2542 latissimum
1614 2457 1750 2564 dorsi,
1787 2458 1966 2542 thorace
2000 2486 2093 2542 non
2117 2457 2307 2574 patciac-

528 2593 589 2694 ιο,
620 2597 877 2699 penetrant,
912 2584 1269 2699 conspiciebatur
1302 2610 1483 2694 quoque
1517 2585 1814 2698 ernphysema3
1848 2595 1895 2680 (J.
1924 2608 1958 2669 t.
1986 2608 2096 2672 eran.
2117 2607 2232 2676 Tratrt
2252 2611 2308 2676 aes

523 2732 678 2798 maledics
704 2735 934 2823 chirurgicum
961 2744 991 2799 et
1017 2735 1069 2799 des
1096 2739 1289 2820 operariam,
1317 2735 1371 2818 qul
1398 2731 1468 2798 tour
1503 2736 1718 2797 consternent.
1758 2729 1877 2796 Ortum
1904 2731 2065 2817 posthume
2090 2755 2153 2820 por
2194 2733 2305 2802 term.

520 2851 566 2914 ao
606 2849 706 2919 Paro
746 2845 926 2939 1774)b)‚·
951 2834 1074 2942 quod
1109 2841 1256 2914 tamen
1305 2828 1438 2914 etiam
1490 2829 1612 2913 inter
1645 2829 1817 2937 latiora,
1850 2828 1941 2914 late
1972 2831 2173 2944 patentia
2213 2833 2307 2914 vul·

521 2981 633 3040 nera
672 2958 840 3068 oritur,
891 2957 925 3042 si
975 2970 1207 3072 apparatus
1257 2953 1548 3068 deligatorius
1599 2983 1638 3044 e.
1671 2981 1712 3066 g.
1762 2957 2043 3071 emplastrum
2091 2957 2307 3074 impediat

522 3082 701 3167 exitum
718 3086 833 3170 airis
848 3085 1048 3194 ingressi.

583 3266 663 3352 Ex
696 3269 752 3352 iis
786 3267 940 3377 igitur,
973 3295 1075 3377 quae
1109 3271 1239 3351 modo
1272 3268 1515 3378 attulimus,
1548 3270 1650 3356 satis
1683 3271 1862 3355 elucere
1887 3267 2084 3380 videtur,
2119 3273 2302 3385 emphy-

521 3417 636 3478 sema
668 3421 750 3507 pro
782 3394 983 3479 absolute
1016 3405 1139 3477 certo
1190 3393 1317 3503 signo
1350 3397 1572 3504 vulneris,
1620 3406 1775 3510 pectus
1822 3397 2101 3510 penetrantis
2143 3397 2303 3484 baberi

518 3545 614 3602 non
647 3544 785 3633 posses
818 3531 1013 3604 attamen
1045 3521 1133 3636 hoc
1148 3539 1151 3546 ‘
1163 3529 1383 3632 praeterea
1415 3526 1663 3607 notandum
1697 3533 1776 3632 est,
1809 3523 2025 3628 ejusmodi
2069 3535 2301 3632 tumorem,

520 3646 601 3754 qui
636 3645 684 3730 in
717 3645 980 3732 vulneribus
1013 3658 1167 3758 pectus
1199 3673 1293 3730 non
1325 3649 1682 3762 penetrantibus,
1715 3649 1935 3756 occurrit,
1969 3675 2141 3762 semper
2172 3652 2301 3763 parvi

513 3772 734 3858 momenti
769 3759 874 3882 esse,
911 3785 1019 3856 tunc
1052 3772 1173 3858 enim
1204 3801 1360 3886 parum
1392 3774 1506 3862 airis
1536 3787 1736 3890 permeat
1768 3775 1818 3858 in
1851 3777 2027 3882 vulnus,
2052 3780 2179 3884 quod·
2191 3805 2300 3861 vero

518 3902 800 4011 emphysema
850 3927 875 3984 e
928 3899 1117 3984 thoracis
1158 3901 1342 3986 laesione
1376 3913 1425 3986 et
1456 3903 1628 3986 viarum
1660 3900 1828 3988 ae'rium
1864 3927 1963 3984 cum
2007 3905 2111 3985 tella
2159 3905 2296 3988 cellu-

512 4021 606 4110 losa
642 4027 1045 4111 communicatione
1078 4025 1238 4136 oritur,
1272 4053 1444 4141 semper
1475 4028 1610 4138 magis
1642 4039 1802 4110 notatu
1835 4026 2020 4136 dignum
2055 4038 2134 4114 est.
2176 4028 2294 4132 Quas

514 4164 699 4264 propter
732 4181 832 4236 cum
865 4153 1216 4261 verosimilitate,
1251 4153 1382 4236 immo
1416 4153 1550 4238 etiam
1583 4153 1861 4237 certitudine
1895 4157 2083 4263 quadam
2117 4157 2296 4240 conclu-

515 4277 564 4358 di
598 4289 759 4391 potest,
793 4281 954 4365 vulnus
987 4280 1266 4393 penetrantis
1299 4291 1474 4366 naturae
1508 4306 1614 4388 esse,
1648 4281 1918 4364 solummodo
1950 4283 2156 4388 junctum
2200 4309 2296 4366 non

515 4429 608 4488 cum
642 4431 819 4490 exrcoo
853 4405 1378 4520 emphysemate.—Quae
1412 4407 1596 4518 quidem
1629 4405 1776 4494 omnia
1801 4407 2048 4516 generatim
2073 4407 2296 4518 diximus3

513 4533 572 4612 de
605 4533 866 4618 vulneribus
900 4561 1006 4619 vero
1038 4531 1298 4649 pulmonum
1330 4533 1382 4618 in
1414 4533 1561 4650 specie
1594 4533 1875 4643 disserentes,
1891 4530 2031 4620 fusius
2063 4533 2182 4622 hanc
2197 4563 2292 4624 rem

513 4681 748 4772 exponere
781 4663 1067 4748 studebimus.

510 4997 752 5084 a)1.antn.
781 5001 1032 5068 observatione
1058 4999 1104 5068 de
1130 4995 1324 5086 chirurgio.
1356 5003 1407 5066 8⁰.
1435 4999 1541 5065 Paris.
1578 4997 1814 5086 ¹751.T0m.
1844 5003 1871 5067 1.
1900 5019 1936 5088 p.
1970 5004 2052 5070 etta.

507 5101 545 5189 a)
573 5105 716 5168 flamm
746 5125 775 5170 r„
803 5125 834 5170 c.
861 5126 896 5191 p.
929 5106 1012 5170 585.

505 5199 548 5294 b)
575 5205 746 5276 chsrrru
770 5201 937 5278 Biblioth.
968 5203 1120 5295 chirurg.
1148 5207 1248 5274 Tom.
1279 5209 1324 5278 11.
1350 5207 1447 5278 Fare.
1475 5207 1532 5274 tv.
1560 5225 1596 5293 p
1622 5208 1655 5272 8.
