4942 6048
1030 427 1095 546 9⁵
1139 483 1167 568 χ

992 663 1019 787 S
1053 662 1127 774 9⁵·

229 829 308 921 Ad
340 831 570 948 sanguinis
601 815 1008 918 exaravasa'tionem
1040 855 1123 946 per
1154 827 1320 914 vulrrus
1342 823 1619 942 primitivum
1636 817 1967 917 removendam*

165 961 278 1048 haec
311 961 558 1051 necessario
591 959 907 1072 requiruntur:
937 951 982 1074 a)
1009 948 1069 1040 'ut
1100 956 1266 1042 vulnus
1297 955 1347 1039 in
1373 979 1623 1066 tassarolo,
1641 957 1713 1042 vel
1730 959 1882 1043 saltem
1899 961 1950 1044 in

165 1111 316 1176 unum
349 1115 555 1176 rucuoaus
587 1112 745 1172 Pauus
777 1085 927 1192 situm,
959 1110 1053 1168 non
1076 1087 1217 1199 'supra
1253 1082 1445 1191 tertiam,
1478 1085 1550 1168 vel
1569 1093 1769 1194 quartam
1788 1097 1951 1171 eostam

165 1223 390 1327 ascendat,
423 1213 472 1334 b)
506 1225 559 1300 ut
591 1241 703 1302 sams
737 1237 928 1299 amenum
960 1211 1033 1319 sit,
1067 1205 1111 1329 c)
1144 1220 1198 1294 ut
1230 1235 1381 1295 anona
1415 1233 1693 1297 omucmoms
1725 1223 1977 1325 penetret·

164 1341 268 1434 Hae
300 1346 573 1430 solummodo
609 1339 895 1424 conditiones
928 1337 1010 1420 ubi
1043 1341 1220 1444 adsunt,
1254 1339 1329 1460 vel
1347 1335 1574 1450 oppositae
1591 1337 1736 1422 averti
1750 1347 1954 1450 possunt,

165 1474 225 1554 de
273 1471 502 1581 sanguine.
529 1459 807 1556 accumulato
839 1493 922 1586 per
954 1464 1173 1577 ejusmodi
1213 1463 1329 1548 viam
1364 1467 1627 1581 educendo,
1660 1465 1824 1550 merito
1856 1491 1952 1552 nou
2020 1479 2022 1484 '
2104 1447 2111 1456 ¹

165 1599 506 1711 desperandum.
2095 1605 2098 1613 “

989 1759 1015 1874 S
1050 1761 1127 1870 96.

178 2043 182 2055 ,
233 1931 340 2035 Quo
371 1927 546 2042 sanguis
579 1933 886 2033 extravasatus
918 1949 1000 2038 per
1031 1925 1196 2008 vulnus
1228 1902 1523 2038 primitivum,
1561 1931 1771 2032 tanquam
1795 1923 1952 2036 proxi·

142 2085 232 2144 'ma
267 2057 695 2174 expeditissimaque
713 2051 785 2138 via
818 2049 993 2136 facilius
1026 2049 1298 2155 amoveatur,
1331 2052 1488 2134 suadet
1515 2045 1740 2156 Susuanr,
1765 2047 1801 2132 si
1818 2047 1950 2132 ellin-

164 2211 243 2273 ere
275 2175 490 2298 nequeat,
524 2167 711 2292 granum
742 2177 911 2264 mosohi
926 2176 1115 2300 ¹aegroti
1148 2174 1332 2286 linguae
1382 2175 1770 2290 superimponere,
1809 2186 1950 2287 atque

164 2315 218 2398 in
249 2340 327 2425 ore
360 2311 489 2396 illrun
522 2309 746 2413 retinere,
774 2306 885 2390 inde
919 2303 1043 2390 enim
1074 2300 1224 2390 surim
1256 2301 1526 2418 sanguinem
1534 2301 1819 2415 proditurum
1838 2326 1948 2409 esse,

164 2449 399 2528 asseverat.
429 2434 781 2523 connexionem
813 2441 962 2516 autem
996 2431 1122 2515 inter
1151 2428 1320 2515 moschi
1354 2429 1539 2514 odorem
1572 2438 1620 2513 et
1652 2428 1880 2537 sanguinis
1896 2427 1948 2514 iu

163 2581 348 2686 pectore
368 2561 641 2652 extrauasati
672 2555 938 2676 profluxum
973 2557 1134 2647 merito
1167 2556 1417 2662 absurdam,
1449 2555 1538 2664 jam
1553 2549 1773 2644 Versus>
1803 2556 1950 2661 decla·

163 2687 294 2782 cauit.
400 2783 433 2792 ,,

230 2823 359 2927 Quae
391 2846 500 2908 vero
532 2813 710 2908 auxilia
741 2811 921 2910 ratione
953 2810 1240 2927 comprobata,
1268 2799 1587 2896 oonienrnta'd
1603 2833 1782 2924 scopum
1809 2806 1947 2893 ¹illum

161 2951 494 3062 attingendum,
525 2949 638 3032 haec
670 2939 792 3030 sunt:
1627 2929 1633 2938 ’
1676 2939 1680 2947 “

231 3093 277 3166 1⁰
331 3076 456 3166 Srsus
489 3095 705 3162 sanemur.
721 3066 801 3152 Ad
832 3068 957 3152 huuc
972 3062 1114 3152 finem
1135 3067 1502 3176 consequendum
1517 3063 1835 3174 antiqursslmrs
1857 3090 1947 3170 Jam

167 3206 442 3320 temporibus
474 3209 704 3310 aegrotum
736 3193 913 3280 diverso
946 3197 1080 3278 modo
1105 3193 1156 3276 in
1175 3219 1269 3306 eam
1286 3189 1555 3306 positionem
1574 3193 1800 3275 adducere
1817 3217 1947 3276 cona·
2046 3213 2050 3218 ’

162 3335 347 3442 bantru,
394 3331 484 3442 qui
514 3326 678 3446 vulnus
710 3318 910 3436 infimam
943 3318 1139 3434 corporis
1171 3328 1344 3434 partem
1379 3327 1573 3404 teneret
1604 3335 1808 3424 (Assume).
1846 3315 1946 3402 Hac

163 3460 214 3546 in
232 3487 281 3546 re
298 3455 512 3546 commissi
545 3460 750 3538 veterum
784 3471 956 3533 esrores
988 3444 1240 3556 unicuique
1274 3443 1454 3528 erudito
1485 3443 1650 3528 lectori
1682 3453 1731 3528 et
1762 3471 1796 3528 a·
1809 3444 1946 3558 parti·
1999 3533 2001 3536 ,

73 3637 101 3660 .-
163 3613 239 3671 um
287 3584 448 3673 studiis
489 3581 640 3676 alieno
673 3575 835 3664 statim
868 3567 1104 3690 patefient.
1136 3572 1309 3656 Roonn‘
1350 3573 1530 3680 suadet,
1578 3569 1822 3655 sauciatum
1869 3575 1947 3656 do·

162 3713 232 3799 lio
275 3711 660 3830 superimponere,
707 3717 855 3814 eoque
904 3703 994 3786 huc
1027 3709 1077 3785 et
1108 3697 1218 3782 illuc
1268 3697 1439 3804 voluto,
1473 3695 1535 3780 ita
1568 3697 1827 3806 sauguinem
1860 3723 1946 3812 pes
1987 3765 1991 3774 .

161 3845 325 3927 vulnus
373 3827 622 3925 educere.¹‘)·
652 3853 885 3916 saanrcrus
916 3829 972 3910 ab
1007 3823 1371 3938 Aqrrapendente
1410 3823 1657 3907 convenire
1696 3823 1945 3932 existimat,
2071 3807 2074 3817 ’

163 3997 218 4055 00
259 3964 447 4080 consilio
478 3963 636 4075 ipsum,
661 3955 696 4040 si
729 3953 834 4038 fieri
866 3951 1017 4064 possit,
1050 3950 1245 4034 saucium
1277 3951 1333 4034 ab
1367 3966 1461 4032 u'no
1492 3947 1634 4040 latere
1667 3947 1717 4032 in
1751 3949 1944 4033 alterurn

163 4089 426 4180 vertere'et
460 4085 610 4173 tussim
628 4079 811 4202 elicere,
845 4079 917 4164 vel
951 4087 1108 4192 pectus
1141 4067 1478 4192 comprimeref)
1516 4065 1691 4160 Pindi>
1723 4075 1854 4184 jubet
1870 4101 1945 4190 pe·

163 4226 241 4310 des
275 4221 369 4330 ejus
401 4239 570 4306 sursum
603 4209 828 4315 attollere,
861 4206 995 4319 caput
1043 4203 1280 4310 reclinare,
1313 4229 1360 4288 os
1392 4212 1542 4288 autem
1576 4213 1624 4286 et
1663 4229 1817 4286 nasum
1865 4205 1943 4286 ob·

163 4347 350 4438 struere.
367 4345 571 4430 Eandem
588 4335 848 4422 methodum
866 4324 1100 4416 Hermam)
1123 4355 1304 4442 quoque
1340 4332 1631 4414 commendat.
1658 4329 1727 4412 La
1745 4321 1941 4414 Mormo')

161 4481 330 4598 placet,
358 4483 412 4556 ut
443 4474 649 4580 aegrotus
681 4465 738 4548 ad
770 4458 1007 4545 dimidium
1039 4483 1181 4570 usque
1216 4456 1419 4570 corporis
1450 4457 1612 4541 electo
1628 4459 1943 4570 procumbens,

160 4637 673 4670 ‚ffl-fl—

162 4725 202 4814 ι)
226 4725 375 4791 unaue.
403 4711 613 4800 eauougse
639 4685 697 4777 «ιε
712 4703 896 4792 chinugie
927 4707 966 4772 ao
993 4695 1188 4771 insoles.
1222 4703 1327 4789 ηπ.
1355 4703 1395 4767 τ.
1424 4705 1466 4768 n.
1495 4689 1629 4790 psa-1.

162 4827 204 4916 b)
233 4829 310 4892 Pas.
338 4827 478 4889 lionam.
503 4839 533 4886 r.
561 4837 592 4883 0.
620 4836 654 4903 p.
677 4807 996 4899 92.tib.v1·0bs.
1019 4811 1153 4874 XLVII.
1170 4801 1437 4873 Scholia-Gon
1450 4825 1493 4874 nu
1506 4807 1693 4872 umorue.
1709 4821 1737 4870 ι.
1754 4821 1784 4870 0.
1799 4825 1834 4892 p
1855 4807 1941 4874 215.

162 4929 200 5016 c)
228 4929 322 4995 Hier.
350 4929 542 4990 mammas
565 4941 609 4984 aas
636 4920 913 4998 Aouaenuomn.
942 4931 971 4977 ι.
999 4929 1029 4978 0.
1057 4931 1094 4999 p.
1112 4911 1196 4976 006.
1224 4885 1311 4996 cop.
1337 4909 1448 4974 xxtt.

164 5031 206 5122 d)
231 5033 399 5098 Praisos.
428 5045 461 5094 ι..
486 5041 526 5105 c„
544 5019 675 5088 tib..x.
703 5021 788 5106 Cap
817 5017 875 5080 aa.
902 5035 937 5104 p.
970 5017 1056 5081 251.

161 5137 198 5222 e)
227 5136 385 5198 linimus.
412 5146 443 5193 ι..
472 5146 503 5193 0.
528 5145 565 5212 p.
589 5143 664 5190 ruo.
694 5123 734 5184 Χ.

161 5237 199 5328 i)
227 5239 277 5312 ts
302 5237 435 5301 taor-ra
462 5249 493 5300 ι.
523 5221 553 5296 c'.
581 5247 616 5318 p.
634 5225 695 5298 55.
722 5221 801 5292 obs.
830 5239 913 5290 000.
941 5229 985 5288 et
1012 5239 1048 5308 p.
1068 5218 1127 5286 65.
1157 5213 1234 5290 obs.
1252 5217 1336 5288 005.
