4942 6048
1038 435 1126 522 '125
1176 537 1179 540 ¹

993 669 1027 781 ς’
1058 669 1160 754 125.

878 834 1290 900 Pnoorosrx

249 1013 481 1100 Costarum
514 1010 708 1100 fractura
743 1023 1040 1102 estanneio
1057 1014 1393 1129 penetrantium
1422 1026 1580 1129 pectus
1596 1018 1833 1103 vulnerum
1852 1044 1964 1102 com·

184 1142 473 1268 plicatio..-
505 1141 651 1226 Remo
684 1137 885 1258 periculi⁴
912 1169 1006 1225 non
1043 1152 1127 1224 tam
1186 1140 1248 1224 in‘
1270 1142 1605 1258 interceptione
1655 1145 1969 1230 continuitatis

183 1265 346 1352 harurn'
373 1268 566 1384 partium
599 1270 793 1386 pectoris
824 1268 1018 1383 parietes
1053 1270 1425 1354 constituentium
1460 1278 1718 1382 quaerenda
1736 1284 1969 1382 est,quam

181 1394 233 1480 in
266 1399 622 1510 sequelis,·quae
656 1399 815 1484 ossium
849 1398 1190 1480 extremitatum
1224 1401 1279 1480 ab
1300 1399 1549 1484 recessione
1584 1425 1609 1484 e
1643 1401 1744 1483 loco
1778 1427 1856 1484 suo
1890 1408 1968 1482 aut

182 1515 440 1634 introrsum,
457 1535 535 1636 aut
569 1537 823 1610 extrorsum
857 1515 1084 1630 oriuntur,
1117 1534 1303 1638 propter
1335 1527 1574 1611 laesionem
1606 1528 1779 1640 pleurae
1806 1529 1849 1610 ἂι
1865 1554 1962 1641 par-

185 1649 297 1734 tium
329 1652 380 1734 in
413 1654 608 1766 pectoris
639 1673 750 1736 cavo
771 1651 1055 1770 (plerumque
1072 1649 1368 1768 pulmcmunt,
1385 1654 1457 1738 vel
1492 1665 1677 1767 propter
1693 1654 1970 1737 dilaceratio·
2092 1653 2096 1660 ’

181 1805 285 1862 nem
302 1780 481 1864 arteriae
500 1779 798 1870 intercost'alis
816 1788 863 1862 et
881 1789 1132 1862 ceterorum
1151 1779 1340 1862 externi
1371 1779 1564 1892 pectoris
1588 1781 1770 1894 parietis
1799 1805 1968 1864 muscu-

179 1905 338 1992 lorum.
372 1906 601 2018 Tanquam
640 1905 855 2018 ellectum
873 1903 1089 1989 eiusmodi
1111 1904 1361 2026 violentiae,
1387 1935 1469 2021 per
1486 1917 1703 1992 costarum
1728 1905 1967 1993 fracturam

180 2031 339 2139 factae,
360 2043 454 2118 tum
486 2035 537 2117 in
568 2046 716 2148 partes
748 2031 942 2149 pectoris
976 2059 1132 2114 cavum
1166 2031 1470 2142 continentes,
1508 2044 1600 2118 tum
1635 2034 1769 2121 etiam
1803 2035 1853 2117 in
1886 2033 1967 2117 illo

180 2171 414 2244 contentas
450 2183 554 2267 (Vrsa
581 2183 708 2250 tnr'roa.
739 2180 827 2269 ts.)
856 2157 1133 2244 nominamus
1183 2184 1507 2244 rnnrrrmosnu
1522 2223 1538 2268 ,
1589 2187 1705 2271 quae
1755 2188 1820 2246 ex
1869 2185 1967 2276 per·
2004 2192 2010 2200 ²
2067 2240 2072 2251 .

179 2283 333 2372 fractis
365 2297 502 2398 atque
551 2315 578 2369 a
610 2285 710 2370 loco
730 2312 823 2371 -suo
857 2285 1052 2392 remotis,
1087 2285 1247 2406 ossium
1298 2289 1668 2374 extremitatibus
1717 2287 1864 2371 oritur
1920 2295 1967 2370 et

179 2441 328 2499 secum
363 2412 501 2499 trahit
534 2438 936 2498 mruammsmouum
971 2417 1015 2500 δι
1048 2424 1198 2526 postea
1233 2439 1606 2500 surrunsmounra
1622 2416 1794 2530 pleurae
1828 2426 1965 2526 atque

178 2541 463 2628 internorum
493 2564 775 2651 'organorum
808 2542 905 2624 cari
943 2540 1145 2626 thoracis.
1180 2539 1285 2622 Huc
1303 2541 1539 2654 pertinent
1556 2568 1739 2652 quoque
1756 2552 1966 2656 apertura

178 2669 394 2752 naturalis
427 2667 699 2780 receptaculi
734 2667 848 2771 aeris
882 2666 931 2750 in
949 2691 1150 2779 corpore,
1184 2665 1279 2750 scil:
1311 2667 1549 2780 pulmonis,
1588 2673 1712 2758 surde
1746 2693 1965 2754 umanrsu·

178 2823 264 2906 ma,
296 2807 504 2914 apertura
539 2820 738 2880 vasorum
770 2790 1125 2904 sanguilerorum
1160 2795 1217 2874 ad
1249 2793 1465 2907 parietem
1499 2795 1708 2908 pectoris,
1758 2793 1960 2905 itemque

177 2922 441 3008 arteriarum
461 2921 813 3006 intercostalium
849 2921 965 3006 etin
997 2922 1191 3034 pectoris
1223 2947 1331 3004 cavo
1361 2927 1862 3034 vasorumorganorum,
1895 2921 1959 3006 ibi

178 3049 475 3157 inclusorum,
524 3075 789 3159 equorum
823 3041 1020 3133 la'esione
1054 3045 1230 3156 sanguis
1263 3057 1521 3133 extrorsum
1569 3049 1693 3133 inter
1743 3051 1961 3134 musculos

173 3171 480 3296 (accuramus)
517 3183 564 3259 et
582 3167 825 3260 introrsum
852 3175 899 3256 in
918 3175 1114 3289 pectoris
1132 3199 1287 3256 cavum
1303 3173 1451 3258 fertur
1480 3171 1846 3292 (uxrunvasamo
1864 3199 1964 3260 snu-

72 3399 77 3410 .
177 3299 345 3423 cumis).
365 3305 502 3406 Quod
521 3307 731 3385 damnum
749 3301 865 3387 illud
884 3301 1189 3402 immediatum
1212 3327 1238 3384 e
1272 3299 1637 3426 fragmentorum,
1657 3305 1729 3388 vel
1747 3329 1881 3389 osseae
1900 3303 1961 3385 l'e·

176 3435 326 3516 stucae
358 3429 674 3544 penetratione
707 3429 758 3512 in
789 3429 984 3542 pectoris
1018 3451 1187 3533 cavum,
1209 3438 1683 3540 tanquamcoxeonuu
1698 3449 1961 3524 luruuonum

174 3559 357 3666 attinet,
391 3563 449 3642 de
483 3581 537 3642 eo
569 3558 655 3665 jam
688 3556 777 3639 alio
816 3558 915 3644 loco
964 3575 1006 3662 (t
1046 3574 1134 3657 45.)
1161 3552 1301 3641 fusius
1355 3557 1648 3644 tractavimus.
1697 3557 1958 3644 Periculum

173 3705 532 3792 nmanrsnmnms,
564 3695 617 3768 ut
651 3680 1009 3794 frequentissima
1041 3707 1123 3793 per
1156 3693 1373 3770 costarum
1407 3683 1647 3768 fracturam
1695 3687 1956 3800 pubnonum
2047 3705 2050 3712 ’

173 3811 381 3924 laesionis
414 3811 610 3920 sequela,
644 3808 761 3893 infra
792 3833 828 3916 (a
874 3833 973 3918 159.)
1000 3807 1205 3923 pluribus
1221 3813 1534 3906 ,ostendemus
1567 3811 1658 3893 Hic
1695 3822 1958 3895 tantummo-

174 3939 234 4019 do
269 3940 561 4043 observamus,
596 3930 836 4018 introrsum
868 3935 1096 4048 propulsas
1144 3934 1461 4024 extremitates
1505 3935 1744 4051 perfractae
1796 3947 1958 4044 costae,

174 4091 277 4174 quae
298 4063 540 4177 pulmones.
556 4061 788 4174 premunt,
825 4071 950 4144 tanto
983 4060 1118 4169 magis
1153 4086 1227 4146 eos
1243 4062 1489 4182 dilacerare
1505 4091 1645 4178 posse,
1672 4075 1839 4174 quanto
1856 4065 1956 4176 plus
2009 4177 2012 4187 ι

70 4225 95 4240 ·
172 4191 391 4276 continua
422 4188 616 4302 pectoris
649 4188 787 4270 motio
821 4193 878 4272 ad
912 4189 1027 4271 hanc
1061 4215 1155 4304 rem
1189 4189 1481 4274 contribuere
1526 4192 1722 4276 videtur.
1772 4190 1957 4274 Pericu-

171 4319 265 4402 lum
298 4327 463 4424 autem,
495 4318 620 4426 quod
653 4341 717 4400 ex
749 4340 988 4410 aurumne
1021 4309 1362 4402 muuncosmnrs
1395 4341 1641 4405 necarunt
1687 4319 1731 4402 ἃ
1779 4343 1956 4402 nxmm·
2052 4333 2060 4344 “

169 4467 410 4530 vxsxmouu
442 4443 492 4526 in
510 4441 704 4556 pectoris
719 4463 873 4525 cavum
892 4441 1052 4552 oritur,
1069 4445 1443 4556 praecedentibus
1460 4445 1681 4558 capitibus
1706 4439 1724 4562 ζ
1754 4467 1793 4554 §p
1838 4469 1885 4531 60
1926 4480 1957 4534 a

172 4592 378 4679 ss-cs.)
417 4571 525 4655 huic
559 4569 627 4654 rei
659 4569 1009 4684 particulariter·
1037 4569 1288 4680 destinatis,
1338 4570 1645 4662 indicavimus.
1678 4621 1737 4636 —
1774 4566 1821 4654 Si
1855 4579 1954 4682 post

168 4699 443 4782 sanationem
500 4709 716 4784 costarum
766 4694 988 4781 fracturae
1038 4708 1239 4782 remanet
1289 4695 1460 4782 iactura
1508 4700 1612 4784 ossis
1660 4695 1953 4804 molliumque

167 4823 376 4940 partium,
409 4827 520 4910 haec
536 4823 930 4940 praeternaturalia
963 4825 1121 4908 lacuna
1151 4824 1199 4907 in
1220 4825 1409 4912 thoracis
1425 4825 1597 4942 pariete
1615 4821 1950 4942 dispositionem

166 4955 226 5038 ad
257 4947 459 5038 futurum
490 4944 751 5068 pulmonum
782 4953 1032 5068 prolapsum
1064 4961 1310 5066 praeparat:
1350 4973 1419 5062 (tt
1453 4973 1667 5061 rso-rso).
1799 5045 1806 5054 x

918 5198 920 5208 .
974 5117 999 5231 §
1038 5121 1168 5206 126«
1886 5217 1892 5224 .

229 5279 446 5373 Fractura
477 5291 535 5374 ad
565 5285 776 5406 posticam
810 5295 955 5374 costae
989 5283 1323 5376 extremitatem
1364 5281 1660 5404 periculosior
1691 5290 1773 5391 est,
1814 5265 1947 5396 quam
