4960 6054
1399 439 1426 526 ὃ
1483 369 1487 374 ,

519 685 687 786 nortae,
721 697 863 760 venae
893 671 994 758 sine
1027 667 1124 786 pari
1159 681 1206 756 et
1241 663 1457 758 thoracici
1491 673 1651 756 ductus
1683 665 1990 757 serviens.Ad
2007 671 2094 760 hoe
2127 697 2301 762 cursum

521 807 650 888 suum
682 830 854 888 anavus
888 785 1198 886 subsannamus
1232 798 1356 882 inter
1389 823 1517 882 crura
1548 798 1745 884 medium
1779 797 2061 910 interiusque
2074 801 2238 913 dirigit
2255 815 2304 888 et

427 943 467 962 ’·
520 953 694 1022 sanans
722 955 1015 1015 samsarnrcus
1057 952 1230 1012 naeuus
1263 925 1597 1009 intermedium
1631 936 1766 1036 atque
1784 926 1989 1011 exterius
2006 921 2055 1013 ¹⁹).
2089 930 2304 1044 Diaphra·
2369 971 2392 988 -·

525 1087 620 1167 gnra
638 1068 806 1172 spectat
822 1082 994 1140 anavus
1026 1079 1280 1160 Prrnnmcos,
1315 1051 1364 1134 in
1398 1052 1618 1166 superiori
1666 1063 1714 1137 et
1753 1053 1900 1137 media
1933 1055 2027 1162 ejus
2061 1055 2302 1169 superficie

524 1185 774 1299 dissipatus,
807 1210 971 1268 nervus
1004 1181 1179 1264 mixtae
1209 1190 1410 1286 naturae,
1444 1190 1647 1264 constans
1680 1178 2176 1266 nimirumecommuni
2201 1212 2303 1267 con-

521 1311 755 1423 jugatione
779 1337 1019 1394 nervorum
1038 1306 1337 1417 sequentium,
1353 1330 1527 1419 nempe:
1561 1306 1677 1416 vagi,
1710 1305 1919 1417 lingualis
1953 1307 2093 1393 medii
2125 1321 2171 1393 et
2212 1339 2304 1395 cer-

526 1438 735 1522 vicalirun
753 1431 1212 1552 supremorum—(qm
1246 1432 1354 1515 huic
1387 1443 1512 1546 septo
1529 1433 1646 1519 vires
1662 1433 1914 1520 metatorias
1936 1421 2305 1556 suppeditanti-

526 1565 660 1650 sicuti
695 1591 832 1650 enon
848 1561 986 1646 nullis
1019 1560 1151 1646 nervi
1177 1559 1452 1672 ,sympathici
1484 1561 1634 1671 magni
1666 1556 1758 1650 fisis
1791 1559 1924 1680 (quae
1943 1563 2013 1644 illi
2030 1589 2190 1648 nervos
2204 1563 2305 1648 sen-

527 1692 680 1778 sitivos
716 1685 911 1810 tribunt]
935 1681 998 1774 ¹).
1021 1686 1205 1801 Septum
1233 1697 1523 1772 transversum
1557 1688 1686 1772 simul
1720 1715 1819 1772 cum
1853 1689 2036 1774 renibus
2067 1689 2305 1774 succentu·

531 1819 665 1928 riatis,
699 1821 876 1932 hepate,
910 1819 1172 1930 oesophago,
1184 1814 1444 1899 ‚ventriculo
1478 1825 1526 1901 et
1557 1815 1697 1927 liene,
1721 1814 1881 1930 partim
1904 1843 1986 1929 per
2018 1807 2305 1924 membranas,

529 1946 689 2059 partim
730 1944 985 2030 immediate
1019 1941 1250 2052 abdomini
1289 1944 1517 2029 adhaeret.
1551 1940 1669 2026 Inde
1715 1967 1951 2029 consensus
1984 1945 2207 2026 ambarum
2241 1971 2307 2028 ca·

531 2074 717 2158 vitatum
749 2071 974 2188 provenit,
1009 2097 1115 2180 qrras
1149 2070 1271 2152 inter
1303 2093 1348 2153 se
1389 2061 1565 2184 septum
1598 2068 1716 2154 illud
1747 2069 2001 2188 distinguit.
2035 2092 2187 2182 (Durus.
2216 2089 2308 2160 Das.

528 2223 564 2290 rh
591 2243 735 2290 consensu
760 2227 896 2308 pectoris
922 2239 993 2284 rum
1018 2213 1137 2302 infimo
1164 2229 1282 2286 ventre.
1311 2219 1390 2286 art.
1424 2218 1550 2306 1745).

1337 2359 1356 2446 f
1390 2361 1500 2449 ΧΠ.

593 2533 755 2620 Puhno
789 2543 856 2619 est
888 2557 1103 2644 organum
1143 2530 1481 2644 naseinasioms,
1514 2561 1645 2645 quam
1677 2537 1809 2618 modo
1842 2557 1995 2618 aerem
2028 2529 2151 2619 intus
2184 2531 2309 2619 exci-

532 2661 721 2776 pientes,
753 2641 901 2746 modo'
920 2688 984 2746 ex
1017 2687 1071 2744 eo
1106 2659 1365 2744 emittentes
1396 2659 1665 2776 perficimus.
1700 2659 1946 2748 Iusnnarr‘o
1963 2660 2076 2746 aeris
2091 2689 2174 2777 per
2190 2663 2308 2776 aspe-

534 2819 622 2874 ram
655 2788 862 2874 arteriam
896 2799 943 2872 et
977 2787 1173 2895 ejusdem
1207 2813 1346 2870 ramos
1379 2785 1429 2870 in
1463 2788 1584 2870 iliam
1616 2789 1875 2902 pulmonum
1927 2791 2071 2872 axam*
2094 2799 2141 2872 et
2175 2791 2308 2875 cellu-

397 2927 403 2936 '
530 2899 663 3003 susam
695 2914 986 3000 substantiam
1020 2909 1077 2996 fit
1110 2939 1169 2997 eo
1201 2921 1413 3025 tempore,
1447 2920 1627 3024 quando
1645 2915 1806 3002 cavitas
1822 2790 2015 3036 pecipris
2031 2943 2190 3000 acnvs
2206 2943 2309 3030 pan-

531 3051 643 3130 dens
675 3053 866 3154 augetur
882 3052 931 3126 et
961 3041 1121 3124 adhoc
1155 3039 1338 3149 quidem
1371 3043 1559 3126 muitum
1594 3039 1772 3127 confert
1802 3037 1977 3156 septuhr
2000 3045 2308 3128 transversum.

531 3171 826 3280 Enimvero,
859 3169 909 3251 in
943 3192 987 3252 se
1019 3167 1149 3248 suum
1181 3167 1533 3277 antagonismum
1565 3171 1750 3278 habens,
1784 3195 1837 3252 eo
1872 3159 1979 3252 facit
2011 3175 2069 3254 ad
2115 3170 2310 3284 pectoris

532 3299 583 3382 in
614 3297 734 3382 statu
766 3293 957 3379 normali
974 3292 1316 3402 incrementum,
1358 3300 1480 3404 quod
1512 3323 1593 3410 per
1625 3295 1841 3380 fibrarum
1874 3289 2157 3406 obliquarum
2174 3298 2312 3409 systo-

530 3429 635 3534 lem,
669 3449 783 3535 quae
815 3422 957 3506 latera
991 3418 1289 3527 constituunt,
1321 3421 1416 3506 sese
1434 3421 1482 3504 in
1501 3425 1721 3507 abdomen
1755 3423 1963 3510 demittat
1987 3418 2029 3508 Ζ).
2046 3422 2196 3508 Media
2213 3449 2312 3536 pars

396 3635 410 3656 ,
531 3551 912 3638 tendinosainter
943 3549 1066 3650 hunc
1083 3557 1250 3629 motum
1281 3547 1546 3661 plerumque
1581 3549 1818 3637 immobilis
1834 3561 2000 3660 manet,
2031 3549 2127 3635 sive
2159 3549 2313 3664 paulu·

532 3681 626 3763 ium
651 3683 863 3763 'deorsum
898 3673 1159 3758 inclinatur.
1194 3671 1324 3759 Sicut
1354 3703 1455 3762 rem·
1481 3680 1743 3786 adjuvantes
1776 3676 1965 3762 musculi
2015 3677 2232 3762 subclavii
2266 3687 2315 3760 et

532 3805 841 3893 intercostales
874 3800 1005 3911 digni
1031 3802 1153 3908 sunt,
1187 3827 1298 3910 quos
1330 3803 1405 3886 hic
1439 3833 1620 3916 quoque
1652 3804 1946 3890 admittamus.
1979 3803 2118 3888 Hunc
2150 3803 2315 3887 activo·

532 3963 632 4018 rum
666 3928 1024 4016 dilatatorionnn
1054 3929 1351 4017 musculorum
1385 3929 1598 4017 effectum
1629 3931 1946 4017 subsistentem
1979 3959 2089 4015 mox
2121 3957 2314 4016 necessa·

533 4063 603 4145 rio
635 4057 843 4169 sequitur
876 4053 1063 4140 diastole
1100 4055 1640 4167 thoracis-axonam,
1673 4069 1817 4143 motus
1849 4085 2037 4145 PASStvUS
2074 4052 2118 4144 ⁸).
2162 4038 2314 4161 Quhm

533 4193 592 4274 ad
622 4185 957 4272 sustentandam
991 4181 1330 4294 respirationem
1362 4185 1635 4294 necessesit,
1669 4197 1721 4270 ut
1736 4188 1831 4270 nori
1862 4187 2005 4268 solum
2039 4186 2089 4270 in
2121 4183 2316 4294 longitu-

534 4315 644 4400 dine
676 4315 755 4396 sua
786 4313 981 4425 superne
1014 4315 1236 4424 deorsum,
1266 4313 1349 4396 sed
1384 4314 1689 4422 totoambitu
1722 4319 1779 4398 ad
1829 4338 2150 4424 quamcunque.
2180 4311 2314 4425 spatii

535 4439 861 4526 dimentionem
897 4437 1062 4520 thorax
1096 4442 1391 4548 extendatur,
1417 4441 1504 4524 hoc
1520 4441 1704 4551 quidem
1722 4441 1945 4524 communi
1963 4469 2117 4526 eorum
2148 4465 2317 4523 muscu-

534 4571 680 4652 lorum
713 4566 759 4648 ri
793 4562 1010 4672 efficitur,
1044 4564 1122 4674 qui
1157 4591 1318 4678 nempe
1353 4575 1489 4652 costas
1523 4578 1569 4652 et
1609 4567 1920 4714 extremipates
1969 4568 2217 4684 superiores
2266 4563 2316 4647 in

535 4697 675 4780 altum
709 4698 924 4778 educunt.
956 4689 1023 4774 Hi
1041 4689 1225 4800 quidem
1242 4693 1429 4778 musculi
1446 4706 1564 4781 sunt:
1581 4723 1839 4784 navaronus
1856 4725 2103 4810 cossanum,
2123 4720 2317 4802 scannia,
2360 4687 2370 4704 '

538 4885 589 4971 w)
618 4883 836 4951 sirovcma.
865 4901 895 4945 ι.
926 4899 957 4944 c.
985 4883 1085 4942 Tom.
1113 4883 1139 4942 1.
1168 4899 1203 4966 p.
1234 4882 1307 4967 595
1334 4880 1517 4968 Myologia
1544 4882 1562 4968 §
1595 4903 1676 4948 ¹20.

471 5015 473 5024 ¹
538 4988 579 5074 x)
607 4989 756 5078 Harum.
776 4981 957 5064 Elementa
984 4977 1164 5066 Physiolo.
1193 5001 1222 5046 ι.
1251 5001 1281 5048 c.
1310 5006 1345 5071 p.
1377 4987 1435 5050 88.
1462 4985 1480 5070 t
1507 4987 1680 5050 xxxvn.

538 5092 577 5178 y)
604 5091 635 5152 J.
665 5090 706 5156 G.
737 5089 902 5152 wama.
928 5079 1078 5150 Tabulae
1107 5103 1135 5148 ι.
1166 5103 1195 5148 c.
1224 5085 1488 5174 Explanationis
1514 5107 1549 5174 p.
1577 5092 1603 5151 1.
1630 5085 1717 5156 Tab.
1753 5111 1781 5154 r.
1809 5085 1874 5176 fig.
1907 5109 1937 5154 r.

537 5187 678 5279 a).loh.
706 5175 846 5254 bissem
874 5185 921 5252 de
947 5183 1187 5272 respiratione.
1221 5200 1282 5252 12⁰
1310 5185 1418 5274 Lugdss
1446 5189 1563 5256 batav.
1598 5191 1703 5276 1671.
1732 5211 1766 5278 p.
1789 5213 1842 5258 ra.

538 5295 575 5382 a)
604 5279 783 5360 semron..
812 5293 892 5357 lust.
920 5285 1184 5378 physiologicas
1199 5287 1238 5356 ts
1257 5309 1288 5358 c.
1315 5295 1415 5364 Tom.
1444 5297 1469 5361 1.
1498 5313 1533 5381 p.
1562 5307 1649 5378 472.
1676 5293 1748 5360 Lib.
1779 5297 1805 5361 Ι.
1832 5299 1916 5386 Cap.
1945 5297 2096 5364 IVSect
2117 5297 2177 5364 111.
2195 5291 2213 5384 ς
2233 5313 2318 5360 aro.
