4942 6048
1381 379 1442 482 tl

647 599 720 726 iti
753 605 834 688 Da
868 615 1137 689 naasion
1168 596 1469 690 Auruaraa
1507 615 1862 733 usuuaarau
1890 623 2180 692 ausaausa.
2216 621 2222 632 ·

1342 787 1373 903 i
1406 777 1476 892 7³2

1092 1027 1095 1038 ‘
1225 1021 1595 1087 Occursus

581 1224 701 1312 Talis
733 1219 928 1312 arteriae
959 1221 1234 1310 mammariae
1268 1219 1476 1310 internae
1510 1221 1718 1310 laesionis
1735 1250 1835 1309 raro
1852 1223 1977 1313 inter
1992 1224 2181 1310 vulnera
2198 1246 2304 1338 pec·

520 1354 627 1446 toris
660 1353 718 1438 lit
751 1353 935 1440 mentio.
969 1347 1222 1438 'rnansorbt
1250 1379 1275 1438 e
1307 1350 1459 1436 multis
1494 1353 1758 1461 vulneratis,
1800 1381 1912 1462 quos
1954 1355 2026 1438 vel
2068 1354 2161 1467 ipae
2202 1361 2303 1464 post

512 1481 722 1596 praelium
755 1507 894 1594 prope
930 1473 1157 1564 Waterloo
1190 1479 1323 1588 vidit,
1355 1479 1429 1562 vel
1462 1505 1545 1592 per
1577 1480 1686 1565 alios
1727 1479 1893 1563 litteris
1926 1506 2194 1590 cognoscere
2227 1505 2304 1590 po·

515 1609 621 1714 tuit,
655 1608 832 1690 nullum
866 1606 983 1692 circa
1017 1609 1133 1690 banc
1166 1609 1374 1692 arteriam
1408 1605 1649 1690 sauciatum
1691 1607 2022 1694 animadvertit.
2055 1607 2155 1718 Ego
2205 1603 2302 1715 qui·

513 1739 617 1819 dem
649 1737 699 1817 in
735 1733 1004 1845 chirurgicis
1036 1736 1270 1821 annalibus
1304 1733 1578 1820 solummodo
1612 1744 1807 1844 quatuor
1840 1735 1937 1820 eius
1954 1735 2132 1846 generis
2149 1759 2303 1819 exem·

511 1863 584 1975 pla
618 1861 795 1968 inveni,
828 1889 932 1971 quae
965 1863 1051 1946 hoc
1085 1864 1183 1948 loco
1217 1863 1414 1948 aiteram.
1447 1859 1661 1945 Alterum
1698 1859 1813 1946 Pam
1854 1881 2128 1969 (Asusamus
2141 1879 2300 1948 Brasaca-

511 2019 630 2099 taagm
672 2033 729 2078 aas
779 2011 837 2074 dar
872 2007 1007 2098 graffelt.
1051 2008 1412 2100 Armpaassaactasr.
1456 2011 1496 2074 8⁰
1523 2015 1606 2096 maj.
1633 2009 1739 2075 Brrol.
1770 2011 1966 2076 Commentis
1999 2008 2072 2074 Vll
2099 2033 2132 2096 ρ.
2160 2013 2228 2074 aab
2246 1976 2303 2093 )‘l

514 2113 596 2220 qui
630 2110 838 2200 arteriam
870 2111 1163 2194 mammariam
1197 2111 1421 2194 internam
1454 2137 1582 2195 simun
1615 2111 1761 2194 laesam
1794 2134 1887 2196 esse
1928 2107 2061 2217 dicit3
2107 2107 2321 2194 alterum.-

515 2260 542 2328 θ.
578 2229 908 2324 Sauoanoamodl
962 2241 1227 2345 desumtum,
1283 2239 1339 2320 ab
1372 2237 1593 2343 omnibus,
1627 2237 1706 2346 qui
1742 2261 1940 2348 uuquam
1973 2237 2088 2318 banc
2127 2237 2303 2321 materi-

514 2389 600 2449 am.
622 2373 892 2470 tractavere,
919 2367 1179 2478 repetitura,
1213 2389 1375 2479 nempe
1410 2363 1598 2448 militem
1634 2369 1867 2474 quemdam
1884 2368 1941 2447 ad
1957 2363 2184 2448 sinistram
2202 2391 2303 2477 pec·

519 2490 628 2576 toris
660 2491 775 2589 latus
807 2490 947 2574 ictum
985 2492 1075 2576 telo
1108 2492 1304 2574 manuali
1338 2492 1567 2601 ignivomo
1600 2489 1751 2600 luisse,
1785 2487 2049 2601 cartilagine
2074 2516 2180 2574 vero
2214 2518 2302 2577 cos-

516 2626 577 2702 ua
611 2627 785 2727 quartae
817 2641 905 2732 per·
931 2620 1142 2728 glandem
1188 2616 1331 2702 fracta
1378 2629 1426 2708 et
1474 2619 1579 2704 laesa
1625 2620 1787 2702 arteria
1823 2615 2070 2702 mammaria
2104 2618 2301 2728 interna,

512 2744 727 2832 extitisse⁴
756 2745 1297 2856 gmuesnsquatuordies
1321 2756 1420 2858 post
1452 2773 1480 2828 a
1510 2749 1701 2855 qraodam
1718 2745 1846 2830 istius
1877 2744 2057 2828 arteriae
2075 2772 2195 2830 ramo
2211 2748 2303 2830 hae·

512 2871 823 2982 morrbagiam,
841 2899 967 2980 ‘quaa
995 2871 1165 2981 quinto
1201 2871 1288 2956 die*
1319 2881 1475 2958 contra
1491 2882 1773 2986 ·aperturam
1804 2871 2031 2988 postarlme
2080 2873 2171 2958 visa
2221 2884 2300 2962 est.

512 2995 725 3086 Tertium
771 3025 921 3084 eastun
974 2999 1176 3084 exhibet
1224 2999 1423 3082 Lanuui
1473 3021 1514 3108 (t.
1543 3041 1568 3084 a.
1617 3019 1662 3084 Y.
1674 3022 1703 3085 1.
1745 3043 1774 3106 p·
1796 3003 2003 3108 tue-647)
2055 2998 2136 3109 qai
2185 3001 2302 3084 banc

516 3127 741 3236 arteriam,
774 3127 964 3212 uulnere
999 3127 1129 3212 mmis
1177 3127 1425 3240 splendidis
1474 3125 1616 3234 illato,
1667 3123 1879 3238 proxime
1914 3129 1973 3208 ad
2015 3123 2184 3212 lorrtem
2234 3153 2301 3212 su·

515 3275 594 3336 tam
626 3251 836 3338 arteriam
881 3253 1280 3339 subclauicularem
1324 3253 1547 3338 concisam
1597 3252 1789 3337 invenit.
1829 3251 2057 3361 Crassum,
2105 3253 2303 3369 priorem

513 3377 724 3463 arteriam
766 3379 983 3487 obtegens
1016 3377 1242 3489 sanguinis
1275 3380 1501 3489 coagulum
1536 3403 1819 3490 nequaquam
1850 3377 1991 3464 finem
2025 3382 2303 3465 haemorrha

515 3503 604 3614 giae
638 3505 869 3620 imponere
907 3503 1078 3618 potuit..
1105 3503 1219 3588 Haeo
1254 3533 1391 3616 quum
1409 3507 1505 3590 dies
1521 3507 1751 3590 sexdecim
1770 3506 1967 3617 integras
1982 3508 2302 3618 continuasset,

514 3629 842 3716 instituebatur
874 3631 1174 3745 empyematie
1199 3634 1415 3746 operatio,
1449 3633 1681 3718 auxilium
1709 3635 1981 3718 solummodo
2004 3633 2302 3747 palliativum,

513 3756 655 3844 nimis.
673 3758 794 3843 enim
821 3785 976 3870 magna
993 3757 1220 3870 sanguinis
1236 3759 1508 3846 extravasati
1526 3759 1652 3874 copia
1671 3786 1824 3846 omnes
1856 3761 2014 3870 aegroti
2050 3761 2167 3848 vires
2199 3790 2301 3847 con-

515 3886 682 3972 sumsit.
693 3885 910 3970 Ultimum
939 3884 1141 3998 denique
1158 3889 1417 4002 exemplum
1434 3887 1782 4004 proponitnobis
1790 3888 1922 3994 hujus
1937 3887 2139 3973 materiae
2155 3887 2302 3973 elabo-

514 4022 644 4096 rator
665 4011 716 4098 in
739 4037 1023 4098 urcmoaanro
1040 4035 1331 4100 nunrcaaron
1349 4007 1682 4100 scraurmnuu‘)
1688 4024 1951 4127 ,postquam
1986 4013 2299 4126 insequentem

517 4165 664 4225 casum
697 4141 980 4228 observasset:
1012 4165 1132 4254 puer
1164 4142 1345 4250 quidam
1378 4169 1481 4226 cum
1509 4139 1666 4250 lagena
1699 4141 1749 4224 in
1782 4153 1941 4254 pectus
1987 4139 2153 4255 lapsum
2187 4144 2305 4254 lage·

516 4291 621 4350 nam
656 4267 954 4381 subportare
988 4263 1287 4377 confregerat,
1304 4293 1422 4352 casu
1455 4279 1606 4352 autem
1637 4268 1819 4375 accidit,
1853 4279 1906 4352 ut
1945 4269 2148 4353 vitreum
2190 4271 2301 4382 frag·

516 4401 719 4478 mentum
754 4393 1019 4508 cartilagine
1052 4393 1253 4508 septimae
1286 4405 1420 4480 costae
1456 4393 1695 4509 perforata,
1716 4393 1921 4510 aperiret.
1932 4423 2185 4485 uxrunuuu
2219 4422 2307 4483 aa·

516 4544 624 4606 mun
656 4520 839 4606 arteriae
869 4521 1134 4606 mammariaa
1166 4521 1376 4608 internae.
1410 4519 1633 4609 Canauna·
1666 4547 1768 4608 rasus
1803 4531 2008 4637 tampone
2047 4529 2106 4609 ad
2139 4527 2307 4612 vulnus

518 4650 801 4736 tractandum
820 4649 1001 4734 sustulit
1018 4649 1397 4766 haemorrhagian.
1424 4647 1941 4762 Solummodocartilago
1960 4639 2179 4740 exsoliata
2196 4653 2305 4740 tub.

514 4891 557 4983 b)
584 4897 764 4962 mansor.
792 4915 823 4966 t
851 4915 881 4962 c.
910 4916 1033 4986 [ηπ

500 4995 680 5084 .e)eAlbr.
710 5003 861 5068 merua.
889 4989 1345 5084 Lehrbuchdergericbt.
1376 4994 1656 5068 Muluiana.
1684 5001 1809 5090 pass
1837 4998 1859 5090 ς
1886 5021 1968 5090 rag

370 5092 375 5100 ’
514 5095 557 5186 d)
585 5101 812 5168 sirmam.
841 5121 927 5166 nc.
956 5101 1091 5194 ρ.569.

515 5203 556 5293 e)
515 5189 735 5276 ruieuor'r.
761 5201 827 5274 des
852 5203 1019 5274 manau
1037 5181 1250 5276 usucdas
1270 5207 1370 5278 Tum
1398 5207 1514 5276 XLIV.
1541 5225 1577 5294 p.
1599 5225 1663 5272 ra„
