4942 6048
1403 423 1493 544 144

425 617 429 624 ι
544 652 877 796 spirationem
884 577 1100 738 redderet
1147 641 1427 756 liberiorem,
1480 657 1629 734 tamen
1686 643 1950 734 arteriarum
2008 644 2185 764 pulsum
2235 673 2332 738 non
2449 617 2450 636 Ν

536 781 763 888 restituit,
798 771 915 890 qui,
928 788 981 863 ut
1012 788 1145 862 antea
1184 800 1336 862 versus
1369 801 1447 858 cor
1483 787 1656 862 tantum
1698 776 1996 864 sentiebatur.
2038 774 2190 878 Quum
2222 803 2332 864 vero
2449 839 2450 842 a

546 909 659 996 milri
692 906 1026 994 cucurbitarum
1052 911 1293 1018 apparatus
1325 899 1565 1012 deficeret,
1612 906 1663 988 in
1711 913 1911 1048 pectore,
1963 902 2223 1018 praesertim
2256 931 2329 988 au·
2449 945 2450 1000 ι

550 1049 640 1126 ten
673 1037 798 1121 inter
829 1033 1024 1148 scapulas
1055 1029 1258 1118 lanceola
1288 1027 1441 1142 plures
1471 967 1778 1145 proiundas
1764 1029 2002 1116 recisiones
2052 1025 2158 1138 ieci,
2189 1041 2330 1142 atque
2449 1049 2450 1100 ἱ

547 1159 633 1272 lais,
659 1167 770 1248 'atre
820 1168 1074 1247 extenuato
1122 1157 1383 1268 argillaceos
1431 1183 1588 1242 urceos
1637 1157 1926 1244 medicinales
1975 1155 2178 1269 imposui.
2228 1155 2330 1242 Hoc

547 1293 696 1398 modo,
728 1289 804 1374 vel
836 1313 992 1396 magna
1024 1285 1140 1392 atris
1173 1309 1275 1366 cum
1308 1283 1525 1394 sanguine
1558 1284 1697 1368 mixti
1732 1284 1858 1400 copia
1889 1292 2090 1392 avocata,
2129 1285 2330 1372 dolorem

548 1416 723 1530 aegroti
755 1414 841 1500 vix
874 1423 922 1498 et
954 1439 1015 1497 ne
1047 1411 1134 1494 vix
1168 1408 1353 1521 quidem
1385 1411 1545 1498 levavi.
1577 1410 1753 1496 Eodem
1785 1415 1917 1498 modo
1956 1434 2162 1522 magnum
2195 1410 2332 1496 scroti

551 1556 770 1630 tumorem
801 1538 1032 1645 imminui,
1066 1537 1265 1648 quamvis
1296 1536 1425 1634 brevi
1457 1547 1556 1652 post
1588 1546 1768 1652 auctum
1802 1541 1860 1624 de
1892 1561 2024 1624 novo.
2057 1535 2227 1624 Urceos
2259 1563 2332 1621 au·
2449 1541 2450 1552 ²

552 1683 641 1756 tem
686 1672 787 1754 loco
820 1665 1157 1784 cucurbitarum
1190 1663 1349 1768 sensim
1381 1665 1686 1778 paulatimque
1719 1664 1937 1751 adhibere
1971 1690 2137 1775 eosque
2153 1665 2328 1780 pectori

548 1808 687 1908 atque
726 1791 1095 1890 extremitatibus
1128 1789 1363 1904 imponere
1392 1817 1487 1876 uon
1519 1791 1650 1908 desii3
1683 1794 1821 1902 quod,
1854 1791 1933 1876 ubi
1967 1792 2236 1906 impossibile
2267 1791 2331 1876 vi·
2449 1789 2450 1872 ξ

550 1931 754 2030 deretur,
788 1923 1054 2037 plerumque
1094 1920 1152 2002 ad
1200 1915 1445 2032 profundas
1476 1917 1695 2032 simplices
1728 1917 1970 2004 incisiones
2007 1917 2233 2004 faciendas
2264 1947 2331 2002 ac·

551 2051 675 2142 cessi.
711 2046 923 2152 Quamvis
955 2073 1086 2152 vero,
1119 2071 1222 2128 usus
1254 2046 1468 2130 methodo
1500 2045 1737 2160 descripta,
1769 2043 2010 2160 plurimum
2041 2045 2155 2132 aeris
2186 2049 2331 2130 detra·

549 2181 730 2284 herem,
763 2199 1009 2260 successum
1045 2181 1207 2278 tamen,
1244 2173 1414 2288 tristem
1450 2171 1610 2284 aegroti
1642 2181 1803 2258 statum
1835 2171 2078 2282 allevandi,
2109 2182 2330 2287 speratum

550 2331 649 2390 non
680 2299 834 2388 habui.
877 2299 1030 2403 Quum
1063 2297 1185 2382 enim
1218 2325 1360 2386 novus
1392 2298 1495 2384 aeris
1527 2301 1584 2384 ab
1607 2299 1704 2404 eius
1736 2299 1933 2384 naturali
1964 2300 2295 2413 receptaculo
2282 2327 2333 2382 rn

551 2429 747 2547 pectoris
797 2426 1035 2512 cavitatem
1084 2433 1131 2510 et
1171 2423 1338 2510 inde
1323 2452 1374 2509 rn
1417 2424 1554 2511 totius
1593 2425 1790 2542 corporis
1830 2429 2146 2512 subcutaneam
2182 2426 2333 2512 tellam

553 2555 807 2644 cellulosam
831 2575 1026 2687 egressus
1058 2577 1342 2662 nequaquam
1376 2550 1485 2659 sisti,
1517 2552 1591 2638 vel
1624 2559 1755 2640 modo
1789 2552 1994 2638 imminui
2026 2563 2186 2668 posset,
2210 2581 2332 2663 quae·

554 2687 620 2771 vis
653 2689 990 2768 commemorata
1022 2677 1108 2761 iam
1128 2675 1298 2788 egressi
1323 2677 1438 2764 adria
1469 2681 1691 2765 detractio
1724 2683 1782 2764 ad
1814 2701 1942 2798 opem
1976 2679 2332 2791 aliquameliica·

556 2812 723 2898 ciorem
756 2807 987 2894 ferendam
1009 2803 1157 2890 minus
1189 2802 1587 2920 valebat-Supra
1621 2818 1819 2892 eternum
1854 2811 1899 2894 δι
1930 2808 2229 2894 vertebralem
2262 2835 2332 2892 co·

552 2939 781 3068 lumnam,
835 2933 910 3018 cui
958 2943 1104 3018 costae
1138 2931 1395 3040 inhaerent,
1428 2935 1487 3017 ad
1523 2935 1786 3078 'parallelum
1820 2963 1920 3018 cum
1959 2935 2060 3018 loco
2077 2935 2332 3050 descripto,

554 3047 862 3182 respirationis
901 3069 1068 3146 motum
1103 3059 1422 3170 subsequente,
1453 3059 1582 3174 posui
1615 3061 1704 3146 lata
1736 3062 1951 3188 gradatim
1986 3061 2223 3175 composita
2247 3061 2334 3144 lin·

502 3225 507 3230 ·
556 3203 644 3301 tea,
685 3215 827 3302 eaque
861 3188 1031 3272 imbuta
1079 3185 1309 3272 mixtione
1359 3185 1526 3300 tepidae
1564 3216 1694 3300 aquae
1727 3172 1998 3274 vulnerariae
2038 3187 2248 3276 Thedeni
2288 3191 2334 3274 dr

553 3319 736 3434 spiritus
783 3315 883 3399 vini
932 3311 1216 3427 camphorati.
1249 3311 1382 3422 Hanc
1413 3313 1734 3430 deligationem
1773 3316 1958 3425 deinde,
1992 3343 2083 3427 quo
2116 3327 2334 3402 costarum

553 3445 793 3531 fractarum
825 3441 947 3525 intro
977 3450 1105 3525 actae
1138 3440 1450 3525 extremitates
1481 3453 1740 3528 extrorsum
1785 3443 2165 3557 propellerentur,
2211 3469 2336 3558 prae·

555 3572 709 3660 sertim
742 3578 890 3654 autem
924 3567 1124 3651 modicus
1156 3565 1240 3648 hao
1273 3566 1460 3678 regione
1507 3595 1679 3686 pressus
1718 3580 2017 3658 exerceretur
2049 3571 2101 3656 in
2149 3572 2333 3685 emphy-

555 3727 696 3807 sema,
720 3695 849 3782 fascia
885 3692 1116 3808 scapulari,
1150 3719 1281 3801 quam
1314 3691 1510 3780 firmiter
1523 3695 1668 3810 potui,
1691 3696 1909 3811 adaptavi.
1925 3695 2166 3808 Postquam
2183 3709 2334 3800 autem

554 3837 724 3914 motum
773 3823 966 3938 pectoris
998 3817 1207 3903 maiorem
1241 3820 1349 3906 inde
1380 3821 1566 3908 evasisse
1606 3822 1835 3936 comperii,
1856 3821 2064 3938 ¹pressum
2095 3825 2248 3911 saltem
2281 3823 2335 3910 in

556 3955 842 4067 emphysema
889 3950 973 4031 hac
1021 3945 1207 4056 regione
1254 3947 1475 4032 leniorem
1525 3949 1800 4056 redditurus,
1849 3952 2170 4060 deligationem
2210 3951 2333 4036 illam

447 4133 452 4138 ·
555 4091 656 4197 post
688 4078 863 4190 aliquot
895 4077 1024 4158 horas
1058 4073 1316 4160 solutiorem
1348 4069 1437 4158 secr
1440 4073 1808 4160 -Proiundae
1794 4077 2034 4164 rncisiones
2057 4082 2103 4164 u
2126 4105 2217 4162 non
2235 4107 2333 4224 pro-

559 4209 634 4292 cul
666 4205 777 4291 inde
808 4201 1084 4332 palpationes
1123 4189 1375 4314 peractae'a
1407 4205 1577 4286 dextro
1609 4229 1792 4314 quoque
1832 4232 1963 4292 crure
1996 4207 2184 4290 multum
2218 4207 2333 4290 atris

536 4333 610 4442 ,in
646 4333 750 4418 tella
783 4319 995 4454 cellulosa
1028 4327 1299 4412 extravasati
1332 4339 1589 4418 avocarunt.
1624 4326 1773 4416 Status
1805 4357 1913 4415 vero
1938 4333 2122 4418 membri
2147 4333 2334 4478 emphy-

560 4445 792 4548 sematicus
824 4482 978 4569 parum
1011 4457 1247 4540 admodum
1280 4453 1503 4540 inhibitus
1535 4483 1691 4542 verum
1726 4456 1937 4542 tracturae
1971 4470 2132 4546 statum
2163 4460 2249 4544 vix
2266 4487 2335 4546 ao

559 4596 713 4672 curate
753 4585 964 4693 indagare
998 4589 1047 4668 et
1077 4581 1331 4694 perspicere
1364 4582 1555 4690 sinebat,
1572 4609 1664 4694 quo
1698 4583 1747 4668 in
1781 4587 1880 4669 loco
1913 4591 1971 4672 de
2004 4589 2160 4672 dolore
2191 4587 2338 4670 maxi·

555 4740 628 4800 me
662 4711 1022 4820 conquerebatur
1056 4719 1261 4819 aegrotus.
1312 4708 1597 4824 Quapropter
1644 4720 1772 4823 parte
1804 4712 1882 4795 illa
1917 4714 2128 4827 corporis,
2153 4713 2233 4814 ubi
2267 4743 2337 4798 su·

556 4869 637 4958 pra
671 4839 826 4926 tibiam
858 4838 940 4922 sub
973 4846 1078 4920 cute
1112 4835 1335 4948 sugillatio
1369 4846 1481 4945 erat,
1518 4837 1665 4922 linteo
1704 4837 1944 4952 composito
1976 4869 2090 4952 aqua
2122 4841 2335 4928 Thedeni

557 4967 816 5052 vulneraris
848 4963 1037 5069 imbuto,
1070 4964 1265 5072 obtecta,
1298 4962 1469 5048 solitam
1503 4961 1726 5047 fracturae·
1748 4967 2066 5076 deligationem
2090 4968 2190 5080 lege
2207 4969 2335 5076 artis,

559 5106 777 5206 quantum
825 5089 986 5176 liceret
1018 5113 1101 5200 per
1133 5088 1480 5190 circumstantias
1528 5091 1790 5204 aptissimam
1831 5093 1935 5202 ieci,
1970 5093 2236 5208 lasciamque
2272 5097 2337 5180 ita

556 5248 730 5340 parans,
763 5229 816 5304 ut
847 5219 971 5302 locus
1003 5213 1229 5324 fracturae,
1264 5215 1550 5330 deligationis
1589 5231 1802 5334 apparatu
1833 5231 1898 5312 sat
1939 5221 2135 5311 tirmiter
2172 5225 2338 5310 adbae-
