4942 6048
958 433 975 516 ιΙ
1250 325 1255 336 ¹
1372 399 1462 486 150

525 641 606 724 bus
639 637 754 722 hanc
787 633 846 719 ob
870 655 1051 742 causam
1084 629 1305 716 institutis
1338 634 1541 738 edoctus,
1575 625 1792 742 exposuit
1822 637 2020 741 apteque
2052 634 2111 714 ad
2155 653 2306 716 testeus

527 763 766 851 revocavit.
802 749 1089 874 Quapropter
1122 759 1217 844 eius
1251 756 1520 842 sententiam
1552 758 1825 842 verbotenus
1866 757 1942 838 hic
1977 767 2181 870 repetere
2213 785 2308 840 non
2445 837 2446 870 ι

525 894 758 979 dubitabo.
790 887 875 974 Ait
907 914 1068 1002 nempe
1102 885 1196 970 ille:
1228 886 1284 968 ”a
1317 895 1549 969 contracto
1589 881 1796 993 undique
1848 886 2028 968 thorace
2077 887 2310 999 pulmones
2445 895 2446 898 ‘

526 1021 947 1132 „constringuntur,
982 1015 1061 1120 ita,
1095 1024 1147 1099 ut
1180 1005 1319 1097 iidem
1353 1010 1587 1126 compressi
1619 1037 1702 1125 per
1723 1014 1886 1096 vulnus
1918 1024 2168 1126 erumpant,
2216 1038 2312 1095 non

527 1149 1131 1260 ‚,aliter,quams1²ouolsu
1166 1149 1361 1225 umidus
1395 1165 1682 1249 conpensatra
1714 1159 1802 1224 ssu
1840 1164 2006 1226 cronos
2039 1167 2200 1224 raauu
2249 1165 2311 1222 nr·

529 1273 727 1390 ,pucros
759 1297 907 1356 uxrun
941 1295 1148 1356 vrouuus.
1182 1267 1423 1378 Postquam
1456 1277 1606 1367 autem
1637 1275 1822 1378 pectore
1855 1291 1901 1351 se
1935 1292 2194 1350 ornament:
2217 1265 2313 1380 pul·

531 1428 715 1513 „mones
747 1428 842 1484 non
875 1394 1061 1512 amplius
1106 1396 1191 1479 iarn
1223 1423 1250 1478 a
1286 1397 1466 1480 thorace
1516 1395 1886 1508 comprimuntur,
1938 1395 2068 1479 lubus
2117 1395 2315 1478 elevatus
2445 1379 2446 1398 Ν

531 1529 710 1640 „statim
743 1527 995 1634 descendit,
1027 1523 1118 1608 nisi
1151 1522 1274 1608 forte·
1301 1521 1665 1607 labiisvulneris
1686 1521 1858 1606 inflicti
1874 1528 2072 1607 eundern
2097 1521 2316 1605 constrin·
2445 1547 2446 1576 ι

533 1657 777 1768 „gentibus
825 1653 998 1739 exitus⁴
1029 1651 1123 1736 aeri
1171 1651 1493 1765 praecludatur,
1545 1649 1623 1757 ita,
1669 1662 1722 1733 ut
1756 1653 1884 1734 lobus
1916 1660 2051 1735 extra
2086 1652 2316 1733 thoracem
2445 1625 2446 1696 ³

456 1843 460 1856 ·
535 1783 752 1894 „inflatus
784 1771 1044 1870 maneat.³².‘1l
1076 1777 1184 1869 'Vsu
1221 1770 1463 1865 suuntur)
1496 1787 1544 1861 et
1576 1771 1889 1885 Hunnotnr·)‚
1938 1777 2089 1862 multis
2137 1775 2318 1889 experi-
2445 1783 2446 1806 ¹

535 1913 712 2020 mentis,
730 1910 972 2018 multisque
996 1905 1360 2016 indagationibus
1377 1909 1569 2018 desuper
1586 1904 1730 2012 lactis,
1746 1909 1802 1990 ad
1819 1910 2009 1990 eandem
2024 1905 2089 1989 r'ei
2114 1929 2319 1990 summam
2445 1967 2446 1976 ι

534 2048 852 2157 pervenerant.
877 2035 1015 2122 Certe
1033 2032 1309 2118 mirarisatis
1340 2061 1436 2116 non
1465 2058 1706 2146 possumus,
1740 2039 1863 2143 quod
1895 2032 2222 2118 recentissimus
2271 2029 2322 2111 in

533 2164 1010 2282 oarnpoChirurgioe
1002 2173 1048 2246 et
1080 2161 1185 2246 alias
1218 2163 1336 2246 bene
1359 2159 1554 2246 meritus
1574 2161 1760 2270 gallicus
1782 2170 1941 2243 auctor
1953 2153 1979 2224 l
2001 2161 2246 2246 existimat·
2263 2159 2320 2238 ob
2353 2244 2364 2264 ,

537 2294 806 2406 discordiam
839 2286 896 2408 (Ρ)
930 2269 1072 2374 buius
1096 2286 1395 2401 phaenomeni
1430 2315 1528 2370 cum
1564 2287 1699 2372 certis
1720 2288 1907 2398 legibus
1940 2285 2190 2372 functionis
2226 2285 2319 2398 pul·

539 2449 720 2507 monum
754 2445 863 2532 opus
897 2443 987 2501 esse
1022 2415 1347 2521 exactioribus,
1364 2423 1500 2527 atque
1516 2413 1721 2527 pluribus
1742 2415 2143 2521 observationibus,
2172 2423 2226 2497 ut
2242 2414 2324 2496 hac

536 2555 613 2640 de
632 2577 696 2658 re,
730 2574 795 2632 ex
827 2543 1045 2658 opinione
1075 2543 1191 2650 eius,
1223 2541 1433 2625 maiorem
1467 2541 1790 2626 certitudinem
1822 2569 2115 2654 assequamur.

1348 2708 1375 2821 5
1419 2707 1521 2792 153.

1238 2879 1645 2942 Draorosrs.

606 3021 839 3108 Pulmonis
873 3017 1099 3134 prolapsus
1133 3015 1321 3124 cognitu
1352 3041 1447 3100 non
1481 3013 1702 3123 difficilia,
1751 3011 1999 3130 praesertim
2047 3015 2128 3098 ubi
2179 3015 2326 3116 adhuc

544 3177 716 3260 recens,
748 3147 862 3235 airis
896 3144 1085 3232 externi
1118 3143 1165 3227 vi
1197 3169 1292 3226 non
1326 3141 1407 3226 diu
1441 3147 1689 3262 expositus,
1724 3145 2024 3257 parenclryma
2059 3151 2208 3226 autem
2234 3140 2329 3224 eius

432 3321 437 3332 ·
544 3307 570 3366 a
605 3279 810 3390 qualibet
844 3271 1200 3358 incarceratione
1232 3297 1327 3353 nou
1361 3273 1697 3384 strangulatum,
1731 3297 1819 3354 neo
1852 3271 2068 3383 sanguine
2099 3268 2232 3354 nimis
2268 3293 2332 3352 re·

545 3407 734 3550 pletum,
766 3404 842 3487 vel
876 3425 1224 3511 gangraenosum
1258 3394 1424 3481 facturn
1459 3411 1537 3486 est.
1576 3397 1652 3488 Sic
1684 3423 1846 3514 nempe
1879 3400 2134 3512 pulmonem
2169 3423 2196 3481 e
2237 3423 2334 3510 pro

546 3534 647 3652 prio
682 3523 780 3618 eius¹
811 3554 1055 3612 marmoreo
1088 3537 1224 3636 atque
1242 3527 1537 3612 subcoeruleo
1556 3515 1705 3612 colore
1729 3537 1776 3612 et
1790 3553 1857 3612 ex
1879 3525 1971 3611 levi
1990 3525 2220 3638 spongiosa
2237 3525 2336 3608 sub·

547 3659 710 3749 stantia
744 3654 1062 3768 cognoscimus.
1098 3649 1147 3741 Si
1180 3663 1328 3736 autem
1360 3657 1588 3768 prolapsus
1621 3653 1762 3737 maior
1794 3655 1880 3738 iarn
1914 3651 2109 3736 invaluit
2144 3661 2192 3737 et
2240 3648 2337 3732 ariri

550 3800 747 3874 externo
782 3775 864 3868 diu
899 3781 1147 3898 expositus,
1181 3780 1255 3865 vel
1288 3780 1589 3866 incarceratus
1622 3793 1705 3890 est,
1740 3809 1830 3892 quo
1874 3781 1926 3864 in
1975 3805 2077 3863 casu
2127 3778 2337 3884 discolor,

548 3916 730 4022 lividus,
763 3925 842 3995 aut
874 3911 1008 4024 plane
1042 3909 1172 4018 niger
1206 3934 1297 3993 esse
1330 3909 1457 4018 solet,
1479 3920 1586 3994 tunc
1604 3909 1761 3994 maiori
1778 3935 1888 4022 opus
1913 3917 1981 3992 est
2001 3933 2122 4016 cura,
2137 3928 2198 3992 ne
2215 3907 2339 3990 hunc

503 4092 508 4100 ·
549 4071 631 4158 pro
664 4039 894 4152 sanguinis
929 4039 1157 4150 coagulata
1190 4046 1328 4148 atque
1363 4042 1601 4151 depravata
1633 4063 1765 4124 massa
1798 4037 2048 4121 habeamus.

1367 4203 1393 4316 S
1432 4203 1534 4310 154.

1251 4373 1659 4440 Paosuosru

616 4513 849 4598 Pulmonis
881 4513 1107 4627 prolapsus
1125 4519 1207 4630 est
1241 4509 1523 4624 complicatio
1557 4509 1608 4594 in
1640 4509 1905 4597 vulneribus
1965 4507 2161 4625 pectoris
2211 4531 2349 4622 pene·

558 4643 782 4730 trantibus
814 4666 1069 4748 occurrens,
1104 4664 1208 4748 quse
1241 4635 1361 4720 nihil
1402 4665 1489 4722 nnn
1521 4661 1571 4722 su
1604 4637 1753 4724 adfert
1787 4637 1984 4747 lethalis,
2016 4662 2166 4748 eoque
2200 4635 2352 4720 minus

553 4768 801 4886 periculosa
835 4763 910 4884 fit,
945 4795 1037 4879 quo
1071 4763 1204 4876 magis
1237 4765 1359 4902 intra
1391 4765 1556 4854 limites
1588 4765 1803 4876 subsistit,
1860 4766 1913 4852 in
1960 4765 2126 4884 quibus
2175 4763 2353 4850 chirur-

556 5107 591 5186 r)
618 5103 693 5166 vm
720 5101 936 5166 sorumt
975 5113 1006 5157 c.
1037 5097 1078 5158 T.
1107 5099 1134 5158 1.
1161 5114 1197 5182 p.
1230 5095 1315 5160 552.

488 5195 494 5208 ’
557 5197 1079 5290 θῐὴηωωιιαρῶἂ

560 5317 589 5390 t)
618 5309 784 5373 Detracta.
813 5323 844 5370 1..
873 5321 906 5370 c.
934 5303 974 5365 T.
1006 5302 1050 5362 ll.
1078 5319 1113 5385 p.
1136 5299 1223 5374 465.
