4960 6054
1393 473 1469 525 XXX

531 683 759 788 momillae,
794 672 1053 765 estractum
1077 673 1277 785 myrrhae
1293 699 1521 782 aquosum,
1537 682 1617 756 aut
1633 669 1789 758 vinum
1805 669 2046 757 antimonii
2067 669 2322 782 Hux'hami,

535 839 780 925 tincturam
832 821 1112 926 thebaicam,
1161 817 1338 904 acidum
1388 819 1695 934 sulphuricum
1736 817 1964 926 dilutum,
2014 818 2188 930 singula
2237 819 2323 906 sin·

532 975 649 1097 gulis
683 973 958 1087 temporibus
989 966 1213 1052 adhibere
1246 966 1481 1052 necessitas
1534 965 1670 1076 cogit.
1722 963 1860 1068 Quod
1910 965 2094 1078 quidem
2143 967 2322 1052 acidum

534 1124 845 1244 sulphuricum
889 1115 1086 1200 dilutum
1120 1111 1172 1196 in
1204 1125 1314 1227 potu
1347 1112 1668 1222 mucilaginosa
1701 1111 1814 1198 sumi
1847 1110 2012 1198 iussum
2046 1123 2125 1198 est.
2142 1109 2220 1198 Ad
2236 1115 2320 1196 hoc

533 1269 777 1388 aliquoties
809 1289 892 1380 per
924 1261 1046 1345 diem
1079 1259 1331 1373 recipiebat
1364 1259 1540 1370 aliquot
1572 1258 1823 1380 cochlearia
1872 1257 2112 1342 mixtionis
2144 1285 2170 1343 e
2214 1259 2321 1342 vino

535 1441 753 1539 generoso
788 1407 947 1522 gallico
982 1405 1151 1520 optimo
1186 1433 1286 1488 cum
1320 1433 1435 1516 aqua
1468 1406 1737 1506 cinnamomi
1772 1417 1820 1492 et
1854 1433 1942 1517 qua
1975 1431 2077 1490 usus
2101 1415 2168 1490 cst
2185 1433 2323 1516 aegro·

538 1585 609 1659 tus
642 1569 890 1684 hucusque,
925 1551 1062 1638 diaeta
1094 1553 1317 1663 nutriens,
1351 1553 1400 1639 in
1436 1553 1532 1640 eius
1564 1555 1712 1674 locum
1745 1553 1847 1660 alia,
1865 1554 2000 1663 magis
2016 1551 2205 1636 nutritio
2225 1554 2323 1638 s'ub·

536 1719 708 1808 stituta.
744 1701 971 1808 Quoniam
1005 1725 1113 1784 vero
1147 1727 1249 1786 usus
1284 1699 1464 1786 corticis
1498 1700 1648 1784 chinat
1698 1699 1940 1788 continuus
1992 1699 2042 1784 id
2075 1697 2321 1806 efficiebat,

535 1874 590 1949 ut
623 1861 746 1943 alvus
780 1845 1361 1960 interdum'obstiparctur,
1394 1851 1451 1930 ad
1484 1847 1599 1930 hanc
1633 1875 1800 1930 noxam
1835 1849 2220 1954 antevertendam,
2245 1844 2322 1932 ali·

538 2005 717 2126 quoties
750 2002 808 2083 ad
841 2001 1077 2080 decoctum
1110 1991 1230 2076 illud
1262 1991 1355 2077 sive
1400 1993 1599 2078 radicum
1616 1994 1716 2078 rhei
1735 2003 1783 2078 et
1806 1993 1956 2109 pulpae
1976 1991 2322 2080 tamarindorum

536 2165 710 2274 partem
744 2143 959 2252 exiguam
1000 2143 1183 2246 addere,
1218 2139 1310 2224 sive
1345 2143 1504 2224 eodem
1538 2151 1738 2256 tempore
1769 2149 1938 2256 praeter
1970 2137 2090 2228 illud
2130 2140 2321 2226 electua-

536 2305 656 2389 rium
690 2295 751 2384 sic
784 2289 958 2376 dictum
991 2286 1231 2372 lenitivum
1264 2289 1445 2396 aegroto
1479 2287 1685 2398 praebere
1718 2285 1903 2401 placuit.

580 2427 647 2534 'A
681 2442 757 2530 die
789 2434 965 2522 decimo
999 2445 1160 2544 quarto
1194 2433 1345 2546 coepit
1379 2430 1591 2514 nimirum
1624 2434 1748 2545 puris
1791 2433 2136 2521 incrementum.
2188 2433 2325 2535 Quod
2465 2439 2466 2494 ἒ

541 2595 725 2710 quidem
759 2589 816 2670 ad
849 2581 1043 2691 singulas
1076 2571 1374 2690 deligatione's
1410 2573 1532 2664 t'anta
1587 2605 1688 2663 cum
1737 2579 1783 2665 vi
1818 2607 1844 2666 e
1880 2583 2077 2690 thorace,
2129 2585 2324 2664 turunda
2465 2585 2466 2610 ¹

540 2741 726 2845 sublata,
758 2727 1034 2849 profluebat,
1068 2737 1234 2837 quanta
1267 2725 1420 2836 liquor
1452 2752 1479 2812 e
1511 2727 1648 2842 pleno
1680 2727 1819 2837 dolio,
1853 2725 2088 2842 epistomio
2122 2725 2218 2812 eius
2244 2753 2326 2810 ex·

544 2897 698 2977 tracto.
731 2879 948 2968 Attamen
981 2872 1108 2988 copia
1142 2869 1339 2956 ellluens
1371 2898 1603 2984 nunquam
1635 2879 1744 2959 duas
1778 2901 1877 2958 cum
1928 2871 2119 2957 dimidio
2172 2872 2323 2982 libras,

482 3065 487 3072 ·
540 3039 615 3124 vel
651 3035 738 3118 tres
771 3021 984 3142 ponderis
1018 3005 1299 3108 medicinalis
1321 2999 1603 3129 excedebat,
1637 3048 1740 3132 quaa
1774 3021 1960 3132 quidem
1994 3047 2088 3106 non
2121 3044 2214 3102 uno
2248 3019 2326 3102 im·
2464 3113 2465 3124 Ν

540 3195 667 3303 petu,
701 3179 893 3286 scalper
926 3178 1120 3278 quatuor
1152 3164 1392 3282 intervalla
1432 3165 1609 3278 depleri
1641 3169 1838 3253 solebat..
1858 3137 1976 3252 Post¹
2010 3189 2326 3275 quamcunque

539 3314 1060 3426 autemdeligationem,
1093 3311 1161 3397 bis
1195 3305 1402 3422 quotidie
1453 3309 1704 3424 repetitam,
1755 3323 1949 3424 aegrotus
1997 3337 2089 3400 sese
2129 3311 2326 3396 levatum
2464 3315 2465 3382 ξ

543 3487 591 3564 et
623 3462 962 3586 respirationem
997 3457 1244 3543 faciliorem
1277 3456 1514 3542 sentiebat.
1546 3455 1660 3540 Tum
1694 3463 1887 3568 demum,
1924 3435 2047 3580 puris
2079 3457 2329 3546 evacuatio·

540 3649 602 3708 ne
652 3612 802 3720 finita,
851 3631 1004 3693 cerens
1038 3593 1246 3689 accensus
1285 3613 1423 3713 atque
1470 3606 1530 3688 ad
1577 3605 1779 3690 vulneris
1828 3601 2056 3694 orificium
2108 3608 2326 3715 admotus,

544 3794 636 3853 uno
669 3763 894 3844 momento
928 3751 1052 3836 inter
1085 3748 1407 3863 exspirationis
1440 3747 1619 3836 sibilum
1648 3779 1733 3867 per
1750 3756 1898 3836 adrem
1931 3747 1961 3836 e'
1984 3752 2165 3838 thorace
2184 3777 2327 3838 erum·

542 3901 1110 4030 mmmmm&

606 4057 673 4144 Aa
705 4056 791 4138 hoc
825 4050 920 4164 ipso
973 4055 1171 4161 tempore
1203 4054 1409 4154 aegrotus
1447 4070 1529 4158 per
1560 4069 1754 4160 asperam
1789 4071 1971 4156 quoquo
2004 4046 2213 4134 arteriam
2243 4070 2348 4163 pns'
2463 4017 2464 4020 i

547 4205 650 4292 tussi
685 4199 921 4302 reddebat,
955 4191 1096 4299 idque
1130 4199 1291 4274 natura
1322 4215 1417 4274 non
1451 4189 1664 4276 dissimile
1698 4189 1915 4278 ellluenti
1948 4221 2030 4309 per
2054 4195 2232 4305 vulnus,
2248 4199 2327 4282 sed

543 4352 685 4438 multo
734 4340 900 4429 minori
920 4335 1212 4458 quantitate.
1243 4334 1514 4422 Huiusmodi
1548 4337 1819 4441 sacrationes
1852 4348 1900 4422 et
1933 4342 2223 4428 exorationes
2256 4345 2328 4428 ab·

545 4519 719 4585 normes
768 4514 914 4576 secum
955 4483 1204 4570 necessario
1238 4481 1401 4567 febrim
1434 4483 1640 4592 lentam,
1658 4493 1711 4567 ut
1744 4484 1968 4596 sequelam
2005 4495 2204 4597 traxere,
2238 4517 2327 4600 qna

456 4723 464 4732 .
544 4645 727 4758 quidem
776 4635 911 4747 magis
950 4629 1177 4740 magisque
1215 4631 1468 4716 tabescebat
1500 4639 1694 4740 aegrotus
1728 4639 1928 4740 eatenus,
1963 4637 2327 4744 ut'quemadmo·
2462 4721 2463 4724 a

544 4795 650 4876 dum
685 4785 846 4871 dicunt
880 4805 972 4866 ossa
1004 4782 1157 4864 denuo
1191 4777 1396 4888 cutisque
1421 4757 1754 4862 remansissent.
1787 4775 1901 4860 Τιιιιι
1937 4778 2036 4886 iarn,
2071 4780 2147 4866 die
2174 4793 2328 4868 tracta·

547 4935 682 5023 tionis
713 4927 923 5018 vicesimo
956 4923 1116 5039 primo,
1150 4951 1241 5033 quo
1274 4949 1372 5007 vasa
1406 4947 1486 5038 per
1519 4921 1915 5010 inflammationem
1948 4935 2086 5037 atque
2118 4955 2328 5044 suppura·
2462 4941 2463 4950 '

546 5083 717 5170 tionem
764 5073 978 5185 languida
1028 5069 1206 5155 reddita
1241 5068 1535 5176 corroborari,
1568 5069 1689 5182 puris
1723 5093 1909 5182 quoque
1940 5075 2172 5160 evacuatio
2204 5077 2329 5162 adiu·

546 5231 640 5318 rari
672 5234 833 5348 posset,
866 5217 1163 5338 praescriptae
1196 5226 1302 5302 sunt
1334 5214 1603 5304 iniectiones
1628 5215 1804 5303 decocti
1822 5219 1983 5306 hordei
2001 5223 2208 5310 mundati
2224 5251 2327 5312 cum
