4960 6054
1411 413 1471 520 ra

1372 640 1398 754 l
1430 639 1506 747 45·

1136 772 1744 836 Pnoonoars.

610 915 865 1032 Corporum
897 909 1149 993 alienorum
1182 907 1233 992 in
1267 907 1502 993 cavitatem
1536 907 1729 1021 pectoris
1761 907 2033 1021 penetratio,
2066 918 2203 1022 atque
2220 909 2334 1000 inde

432 1133 438 1142 ,
546 1043 820 1162 proveniens
852 1038 1094 1124 vulnerum
1130 1035 1320 1119 thoracis
1355 1033 1667 1148 complicatio,
1716 1035 1962 1120 maximum
2012 1033 2109 1122 fere
2158 1064 2334 1152 semper

399 1233 403 1240 ·
552 1171 806 1292 periculum
868 1164 1131 1270 minantur,
1199 1161 1447 1247 visceribus
1503 1187 1611 1246 vero
1669 1162 1757 1244 hoc
1812 1167 1944 1246 modo
2000 1163 2131 1247 valde
2189 1166 2336 1276 laesis,

551 1301 673 1384 haud
705 1321 806 1380 ram
837 1319 952 1376 mors
985 1287 1224 1404 repentina
1257 1289 1484 1414 sequitur,
1525 1284 1591 1370 At
1623 1299 1792 1403 praeter
1829 1292 1947 1374 hanc
1979 1291 2231 1404 primariam
2254 1295 2332 1376 lee-

551 1427 736 1532 sionem,
770 1448 869 1505 cum
903 1414 1226 1524 haemorrhagia
1276 1417 1580 1524 conjunctam,
1614 1417 1664 1500 in
1704 1416 1957 1528 periculum
2006 1419 2160 1503 mortis
2192 1425 2332 1504 addu-

549 1563 663 1638 cunt
695 1549 796 1640 aliae
830 1553 1014 1658 qnoque
1065 1569 1221 1650 causas,
1253 1551 1322 1624 ut:
1354 1569 1540 1658 pressus,
1574 1541 1788 1651 irritatio,
1821 1544 1965 1652 gravis
2005 1545 2227 1630 adhaesiva
2261 1545 2330 1630 in·

547 1675 811 1784 flammatio,
859 1683 996 1782 atque
1032 1668 1141 1754 inde
1174 1679 1273 1752 orta
1306 1677 1354 1753 et
1386 1671 1650 1782 perlongum
1685 1675 1850 1755 durans
1899 1671 2174 1786 suppuratio,
2223 1701 2329 1781 quse

548 1807 667 1894 viros
701 1799 933 1904 exhaurit.
966 1792 1080 1880 Haec
1113 1794 1298 1906 quidem
1333 1796 1481 1879 omnia
1514 1799 1814 1903 vulneratum,
1849 1796 1929 1906 qui
1963 1796 2068 1882 alias
2092 1797 2330 1912 saepissime

548 1934 743 2020 sulutem
789 1933 1048 2039 recuperat,
1092 1921 1259 2006 tardius
1298 1925 1430 2006 modo
1479 1922 1613 2006 morti
1654 1924 1896 2010 destinant.
1936 1922 2118 2008 Hrnnnn
2150 1919 2328 2036 narrat,

405 2050 410 2060 ’
548 2061 739 2146 vulnere
787 2053 981 2170 pectoris
1013 2051 1289 2134 laborantem
1340 2054 1563 2159 quendam
1614 2047 1789 2160 inquo
1820 2050 2119 2164 perlongum
2156 2063 2327 2167 tempus

551 2189 763 2269 turundae
813 2180 1148 2265 adhibebantur
1181 2185 1229 2260 et
1260 2187 1553 2290 symptomata
1586 2176 1760 2285 omnia,
1792 2177 1954 2262 vulnus
1974 2177 2205 2284 ,ejusmodi
2236 2179 2329 2293 ple·

550 2337 741 2420 rumque
775 2305 1049 2412 comitantia,
1098 2304 1217 2386 bene
1249 2314 1502 2411 cesserant,
1549 2313 1648 2416 post
1684 2303 1818 2386 trium
1859 2303 1945 2386 iam
1986 2305 2204 2390 mensium
2253 2309 2329 2391 de·

547 2465 739 2546 cursum,
773 2461 938 2544 equo,
973 2429 1162 2514 vulnero
1197 2428 1368 2538 clauso,
1417 2457 1499 2550 pus
1532 2431 1671 2514 sohun
1705 2428 1924 2513 continuo
1975 2457 2197 2544 exspuere
2230 2458 2325 2517 non

547 2563 765 2670 desiisset,
799 2563 884 2670 jam
920 2569 1031 2676 tunc
1064 2561 1242 2641 demum
1275 2558 1383 2639 duas
1418 2560 1650 2666 tuumdas,
1683 2555 1782 2642 sine
1813 2553 1905 2642 iilis
1921 2563 2157 2668 ‚quondam
2175 2559 2323 2644 incau-

544 2701 595 2778 te
629 2689 868 2796 adhibitas,
904 2685 1010 2804 tussi
1046 2681 1240 2790 eiecisse.

610 2814 827 2902 Attamen
861 2808 1253 2898 commorationem
1286 2833 1521 2924 corporum
1553 2809 1818 2920 alienorum,
1850 2811 2079 2927 praecipue
2097 2813 2323 2926 glaudium

424 2961 425 2966 '
512 2930 598 3030 'in
631 2945 821 3028 vulnere
852 2937 1049 3058 pectoris
1080 2963 1175 3019 non
1210 2961 1381 3050 semper
1414 2939 1612 3048 sequelae
1645 2949 1732 3022 tarn
1748 2939 2017 3053 perniciosas
2040 2943 2323 3027 comitantur.

541 3073 712 3171 Ductus
730 3090 905 3182 (nmoenn.
932 3081 1024 3152 med.
1051 3055 1164 3171 praet
1191 3083 1292 3150 mm.
1320 3087 1361 3148 ν.
1389 3103 1424 3173 p.
1447 3085 1534 3172 154)
1553 3075 1719 3150 narrata
1742 3065 1930 3150 militem
1956 3071 2197 3180 quendam,
2214 3069 2322 3152 mul-

543 3209 593 3282 to
626 3208 725 3316 post
759 3223 892 3307 quam
925 3191 1048 3300 glans
1081 3191 1126 3275 ei
1156 3201 1313 3305 pectus
1348 3191 1663 3301 transl'ixisset,
1696 3195 1813 3276 hanc
1848 3204 2173 3306 expectorassc.
2198 3193 2322 3299 Tur.»

540 3327 600 3412 de
632 3323 786 3434 aliquo
819 3316 967 3404 nobili
1013 3315 1178 3401 Daniae
1210 3313 1366 3425 refert,
1414 3343 1517 3403 cum
1548 3344 1649 3402 curn
1692 3319 1742 3401 in
1774 3319 1966 3436 proeli'o,
2016 3325 2180 3409 vulnus
2229 3325 2323 3408 tho·

531 3449 654 3536 racis
695 3447 935 3562 accepisset
976 3453 1023 3530 et
1055 3441 1344 3552 negligenter
1375 3471 1399 3528 a
1433 3448 1625 3556 quodam
1675 3444 1885 3555 chirurgo
1937 3458 2148 3538 tractatus
2194 3448 2321 3560 esset,

380 3587 383 3594 ’
541 3580 781 3663 turundam
823 3582 924 3688 post
971 3597 1056 3657 sex
1097 3567 1314 3654 mensium
1355 3571 1603 3690 spatione
1638 3599 1729 3682 quo
1761 3573 1847 3681 jam
1881 3575 2183 3685 convaluerat,
2224 3578 2320 3664 sine

539 3705 634 3792 ullo
684 3701 838 3790 salutis
883 3697 1161 3784 detrimento
1209 3721 1291 3810 per
1335 3699 1386 3783 'os
1434 3699 1694 3784 reddidisse.
1725 3749 1785 3766 -
1816 3697 2030 3784 Prosus
2060 3724 2237 3811 (spamae
2269 3725 2322 3789 rer

536 3854 694 3939 precepta
733 3851 772 3914 de
811 3847 964 3914 mtrtctm
990 3849 1019 3916 b
1047 3845 1083 3910 at
1115 3840 1292 3936 etburgo)
1321 3834 1369 3909 et
1399 3823 1524 3933 Hnr,
1558 3836 1750 3935 uterque
1783 3831 1894 3914 duos
1909 3826 2090 3932 milites,
2123 3818 2322 3912 Pisuer')

537 3947 646 4039 vero
678 3947 981 4034 marchionem
1029 3944 1210 4062 Bavilly
1243 3951 1493 4062 nominant,
1542 3977 1569 4039 e
1619 3953 1783 4062 quibus
1816 3953 1996 4062 aegrotis
2043 3952 2189 4068 primo
2220 3953 2319 4039 loco

538 4080 715 4186 citatus,
746 4085 847 4191 post
881 4085 971 4158 tres
1016 4073 1092 4157 vel
1141 4084 1334 4185 quatuor
1381 4103 1552 4164 menses
1599 4105 1624 4163 c
1661 4088 1857 4190 tompore
1905 4083 2055 4194 pleuto
2105 4079 2319 4170 restituti·
2455 4143 2456 4154 .

540 4207 655 4312 onis,
688 4229 877 4288 crassum
909 4201 1241 4311 multorumque
1273 4204 1487 4318 pollicum
1518 4203 1702 4315 longum
1735 4195 2033 4316 fragmentum
2073 4217 2229 4316 costoe3
2263 4209 2320 4292 al·
2455 4253 2456 4256 κ

544 4343 613 4418 ter
645 4341 743 4444 post
784 4355 974 4434 annum,
1023 4326 1133 4412 inde
1174 4355 1200 4410 a
1233 4331 1621 4440 convalescentia,
1653 4333 1937 4446 ¹grandinem
1974 4333 2054 4420 teli
2087 4333 2319 4445 ignivomi,
2455 4407 2456 4420 .

539 4459 701 4546 ultimo
735 4455 934 4566 denique
966 4455 1068 4540 loco
1103 4452 1333 4565 allegatus,
1368 4461 1484 4542 bona
1516 4457 1779 4545 valetudine
1795 4461 2061 4573 perlongum
2079 4487 2195 4571 usus,
2213 4463 2321 4546 mul·

543 4585 676 4670 toties
708 4579 874 4666 listulas
906 4579 1055 4696 pyriae
1088 4591 1302 4694 stuppam,
1336 4612 1424 4694 qua
1455 4595 1561 4672 ante
1595 4589 1750 4674 decern
1789 4613 1928 4679 annos
1960 4583 2018 4710 l)
2052 4587 2104 4673 in
2138 4583 2319 4680 thorace

539 4736 772 4830 percussus
804 4717 918 4816 erat,
949 4707 1375 4821 expectortvsrunr.

564 4827 568 4837 ’
601 4841 672 4922 De
707 4835 968 4950 corporibus
1000 4832 1175 4944 alienis,
1223 4835 1273 4918 in
1306 4835 1500 4952 pectoris
1532 4838 1723 4926 cavitate
1765 4841 2029 4952 latentibus,
2071 4843 2317 4954 aliquando

534 4967 675 5073 nulla,
708 4990 861 5073 neque
895 4961 1058 5066 statim,
1091 4969 1322 5082 postquam
1352 4966 1711 5085 penetraverint,
1742 4951 1912 5086 neque
1929 4975 2118 5088 quodam
2155 4982 2321 5092 tempo

500 5241 506 5252 ¹
539 5157 568 5241 t)
597 5149 686 5216 lohn
714 5153 814 5215 Beu.
844 5167 874 5212 r.
903 5163 935 5210 c.
961 5165 997 5232 p.
1014 5147 1098 5223 554

538 5259 577 5342 u)
606 5258 730 5319 Penes.
760 5271 790 5318 ι.
820 5265 850 5315 c.
878 5267 914 5338 p.
949 5269 1029 5336 ¹09·
