4960 6054
1377 437 1469 494 xm

531 623 796 748 suppositione
826 635 986 732 inducti,
1015 637 1243 716 medtodum
1273 661 1521 741 proposuere
1550 633 1601 716 sd
1630 641 1763 714 adrem
1794 659 1845 714 ex
1874 638 2029 742 pleurce
2041 663 2155 718 sacco
2174 643 2316 720 euhan-

531 765 736 853 riendum,
778 783 879 862 quae
908 759 1029 858 longe
1059 785 1083 834 a
1112 782 1209 834 vero
1240 759 1408 836 discedit
1438 773 1479 834 et
1508 755 1559 834 iis*
1586 762 1780 834 contraris
1810 771 1883 850 est,
1916 785 2016 858 quae
2039 764 2111 836 iam
2128 785 2321 838 commen*

533 885 636 962 davit
667 905 719 958 nu
749 903 918 956 consen.
950 881 972 981 b
1008 879 1414 986 udo—Remedium
1450 881 1774 976 commemoratio,
1806 901 1970 976 quorum
2000 904 2078 980 ope
2108 889 2177 956 aer
2208 897 2318 959 extra

532 1007 572 1080 in
602 1003 756 1106 pleurae
786 1021 922 1076 saccos
965 1001 1163 1096 ingressus
1211 1001 1364 1073 avocari
1393 1009 1535 1098 potest.
1567 987 2173 1088 Emssruirm-Aursnnmrur
2204 1025 2320 1078 orsu-

534 1111 1223 1212 cunun,-nssr1asrto,-Antusrsa
1248 1139 1454 1192 saranum
1486 1139 1665 1214 sarnam
1696 1138 1897 1192 menaeus.
1927 1117 2320 1224 §146.7-Valdeme·

413 1333 418 1348 Ι
532 1239 726 1337 morabilis
757 1240 949 1314 enarratio
981 1235 1276 1337 emphysematis
1307 1249 1395 1336 post
1425 1237 1629 1311 tracturam
1659 1247 1851 1312 costarum
1885 1237 2093 1312 admodum
2122 1241 2323 1340 complica·

498 1363 503 1372 '
536 1374 611 1440 tam
630 1359 781 1449 exorti,
814 1381 926 1455 quam
956 1355 1163 1453 aliquando
1195 1377 1273 1430 una
1303 1378 1389 1430 cum
1421 1355 1646 1455 complicata
1676 1356 1844 1431 tractura
1873 1357 1990 1434 tibiae
2012 1369 2052 1434 et
2069 1357 2214 1434 fibulae
2237 1383 2322 1435 cru·

536 1482 589 1554 ris
619 1478 747 1554 dextri
778 1474 1114 1575 observavimusp
1136 1473 1475 1576 rip-Cadaveris
1507 1477 1696 1575 inspectio
1726 1473 1804 1549 hoc
1818 1477 1860 1549 in
1872 1495 1965 1550 casu
1988 1474 2169 1580 habitab
2192 1487 2321 1570 148.-

494 1615 498 1636 '
529 1597 636 1674 'Inde
669 1595 953 1672 conclusiones:
993 1606 1033 1670 ιο
1065 1617 1148 1668 non
1178 1618 1368 1693 quamque
1399 1595 1590 1694 pulmonis
1622 1593 1834 1668 laesionem
1864 1619 1888 1670 a
1917 1597 2010 1670 tussi
2043 1609 2084 1672 et
2099 1597 2323 1701 haemopte-

537 1720 572 1794 si
619 1718 808 1809 comitari;
860 1726 902 1788 2⁰
934 1717 1047 1788 vitam
1075 1710 1239 1790 hominis
1271 1715 1518 1813 perlongum
1548 1727 1697 1814 tempus
1744 1735 1862 1786 unlus
1891 1713 2082 1813 pulmonis
2129 1720 2323 1818 activitate

539 1837 747 1912 sustentari
776 1855 906 1933 posse;
941 1837 986 1912 3⁰
1018 1831 1264 1933 empbysema
1279 1855 1350 1933 per
1370 1845 1491 1908 totum
1514 1855 1655 1932 corpus
1677 1845 1894 1922 extensum,
1925 1844 2064 1910 statum
2080 1837 2163 1910 eius
2195 1859 2325 1935 quem·

539 1957 657 2030 libem
686 1953 910 2028 morbosum
934 1951 1072 2025 celare
1104 1964 1145 2027 et
1176 1951 1253 2036 hoc
1283 1953 1401 2028 modo
1433 1953 1635 2048 dlagnosin
1672 1946 1928 2042 difficiliorem
1972 1953 2146 2029 reddere
2191 1979 2323 2056 posse,

542 2081 587 2166 [μ’
619 2075 742 2148 varias
773 2071 934 2144 diversis
965 2073 1005 2144 in
1034 2066 1131 2143 locis
1162 2083 1289 2144 costas
1327 2073 1465 2145 lractas
1497 2071 1608 2144 simul
1639 2091 1725 2144 cum
1748 2072 2051 2166 fragmentorum
2068 2073 2325 2149 dislocatioue

542 2193 672 2268 locum
700 2189 894 2264 habentes
932 2189 1018 2262 lieri
1049 2211 1180 2288 posse,
1212 2191 1361 2287 absque
1392 2189 1473 2264 ulla
1503 2187 1798 2286 haemorrhagia
1828 2211 1853 2263 e
1883 2193 1981 2265 vasis
2011 2193 2325 2270 intercostalibus

544 2313 656 2386 laesis
688 2303 1176 2414 procedente-Quaestio,
1194 2331 1306 2406 quam
1323 2307 1562 2383 doctioribus
1582 2307 1855 2383 resolvendam
1870 2312 2209 2416 proponemus-p
2231 2319 2325 2414 ¹49·

604 2466 740 2543 Curur
771 2467 846 2543 6um
878 2465 946 2540 Ds
977 2487 1211 2540 nunnonrs
1244 2489 1497 2540 raousrsu
1530 2467 1571 2568 §p
1609 2465 1826 2544 150-166.

604 2623 718 2699 Falso
750 2645 909 2722 quoque
940 2646 1088 2698 usurus
1112 2647 1350 2699 ruuuonsus
1366 2623 1738 2698 nominabatur-Ex
1755 2627 1931 2700 omnibus
1947 2610 2001 2700 'in
2031 2629 2201 2728 pectoris
2232 2650 2328 2706 cavo

440 2810 443 2819 .
545 2723 740 2820 contentis
773 2743 982 2818 visceribus
1014 2747 1151 2817 unicus
1183 2743 1313 2843 pulmo
1344 2743 1541 2842 prolapsui
1572 2745 1762 2817 obnoxius
1794 2741 2112 2846 est-Oncunsus
2143 2751 2183 2822 in
2197 2761 2331 2848 pecto·

546 2867 598 2966 ris
644 2861 869 2936 vulneribus
900 2873 958 2934 snt
989 2861 1188 2959 irequens.
1221 2863 1402 2936 Dsurscn
1433 2861 1683 2960 plurimorum
1733 2885 1889 2937 casuum
1919 2868 2132 2958 veritatem,
2163 2891 2329 2965 quorum

545 2985 765 3058 memoriam
796 2975 976 3056 auctores
1008 2969 1210 3080 prolapsus
1242 2979 1433 3080 pulmonis
1466 3003 1579 3054 causa
1610 2969 1781 3072 iaciunt,
1798 2986 1838 3056 in
1869 2983 2027 3058 dubium
2058 2998 2182 3061 vocat.
2209 2984 2332 3092 Quod

545 3125 678 3200 neque
723 3099 836 3174 claris
868 3099 1075 3198 principiis,
1113 3123 1245 3196 neque
1276 3102 1428 3177 ratione
1459 3100 1679 3174 sulliciente
1711 3104 1860 3200 probat.
1895 3102 1916 3202 b
1954 3105 2330 3180 roo-Drusianus

547 3223 649 3296 inter
680 3215 882 3320 prolapsus
924 3227 965 3296 1⁰
984 3220 1049 3292 ubi
1081 3219 1189 3290 nulla
1218 3217 1371 3318 pleurae
1402 3217 1522 3293 laesio
1553 3220 1763 3312 antecedit,
1787 3231 1831 3296 2⁰
1849 3223 1915 3294 ubi
1946 3221 2012 3295 illu
2042 3221 2170 3298 locum
2200 3223 2332 3299 habet.

548 3312 673 3416 l'rima
702 3340 854 3436 species
885 3358 1005 3409 sensu
1036 3338 1222 3432 strictiori¹
1247 3359 1478 3418 nrsuocsmo
1502 3361 1695 3411 suemus
1718 3361 1957 3441 rusuosuus
1988 3346 2174 3416 nominari
2189 3356 2333 3444 potest.

551 3455 672 3532 Cuius
720 3477 836 3528 causa
868 3453 1117 3530 occasionalis
1149 3457 1256 3528 nimis
1289 3455 1499 3529 vehemens
1530 3458 1792 3556 respirationis
1822 3457 1932 3534 actus
1964 3461 2335 3562 intensio-Prolap-

550 3599 616 3651 sus
647 3573 837 3674 pulmonis
868 3585 957 3673 post
989 3573 1201 3648 laesionem
1230 3577 1400 3674 pectoris
1418 3587 1478 3648 est
1500 3574 1563 3646 vel
1581 3599 1808 3680 paruimus,
1826 3577 1890 3651 vel
1906 3601 2177 3656 sacunnsnrus
2194 3605 2224 3656 s.
2242 3605 2336 3656 con·

551 3715 771 3769 sucurrvus.
804 3693 824 3793 p
861 3691 1202 3792 151.-Explicatio
1233 3692 1496 3793 phaenominis
1513 3693 1716 3795 prolapsus
1748 3695 2336 3796 pulmonis—Errorcircahauc

552 3837 635 3916 rem
667 3835 815 3903 eorum,
849 3815 912 3908 qui
945 3814 1133 3908 originem
1177 3811 1381 3912 prolapsus
1427 3812 1618 3911 pulmonis
1651 3837 1675 3887 e
1707 3815 1802 3888 lalsa
1851 3801 2118 3916 suppositione
2173 3819 2337 3920 explica-

552 3955 660 4022 vere,
693 3932 799 4030 quasi
832 3953 1018 4028 organum
1049 3930 1147 4004 illud
1179 3933 1251 4004 vim
1282 3931 1513 4006 dilatationis
1544 3935 1703 4006 activam
1732 3929 2201 4012 habere—Phaenoninis
2250 3963 2338 4024 sauz

435 4041 441 4056 '
554 4075 598 4128 sa
627 4049 723 4126 latet
753 4053 793 4122 in
823 4055 919 4126 aere
956 4073 1081 4124 suras
1126 4049 1329 4150 pulmones
1360 4053 1409 4124 in‘
1430 4051 1593 4150 pleurae
1624 4074 1739 4148 sacco
1770 4055 2007 4130 accumulati.
2023 4057 2224 4148 -Pulmo,
2268 4059 2337 4132 ubi

551 4169 694 4246 adsunt
724 4170 774 4242 ad
805 4167 1027 4270 prolapsum
1058 4172 1140 4253 eius
1186 4172 1396 4268 requisitae
1428 4169 1685 4260 conditiones,
1705 4174 1824 4254 ,inter
1856 4195 2164 4252 uxsmnsrrouuu
2195 4199 2230 4256 e,
2256 4175 2338 4251 tho·

555 4311 645 4364 race
677 4290 902 4389 prorumpit,
931 4290 1035 4362 inter
1066 4290 1368 4363 msrmarr'ousu
1398 4290 1539 4380 suteiu,
1570 4291 1601 4361 si
1623 4287 1718 4362 nihil
1751 4293 1895 4384 obstet,
1915 4295 2238 4394 'recipitur-Iam
2255 4295 2339 4368 Ms-
2464 4349 2465 4390 p

556 4431 659 4500 rosv,
704 4409 815 4480 nixus
848 4409 1086 4508 experientia
1115 4408 1165 4481 ad
1195 4405 1295 4484 hanc
1325 4431 1407 4484 rem
1437 4407 1699 4483 illustrandam
1715 4412 1754 4484 in
1784 4410 2006 4488 animalibus
2036 4416 2219 4505 instituta,
2257 4437 2340 4490 ree·

558 4530 631 4602 tius
662 4525 866 4628 explicavit
897 4525 1086 4626 pulmonis
1118 4527 1322 4628 prolapsus
1354 4549 1739 4622 rncsncsuarrorsu,
1771 4533 1878 4606 cuius
1908 4535 1966 4606 rei
1997 4531 2218 4608 causacuri
2250 4533 2339 4608 Vsn

557 4669 749 4722 swrsrunr
797 4657 837 4720 et
869 4634 1105 4720 Hunnorum
1134 4647 1183 4722 ad
1216 4669 1396 4720 summam
1426 4647 1628 4722 'veritatem
1658 4629 1817 4728 redacta
1854 4661 1926 4724 est.
1957 4651 2209 4726 Nihilominus
2242 4653 2341 4728 Dru·

558 4788 658 4856 recu,
685 4767 827 4840 nostris
860 4747 1103 4866 temporibus,
1128 4765 1270 4840 iudicat
1300 4765 1599 4870 phoenomeuon
1628 4764 1706 4841 hoc
1724 4755 1822 4842 'cum
1852 4772 1968 4844 certis
2000 4769 2151 4867 legibus
2190 4771 2342 4872 physio·

559 4885 694 4982 logicis
746 4885 786 4958 in
829 4883 1020 4958 discordia
1051 4907 1141 4957 esse
1172 4895 1213 4958 et
1242 4883 1342 4960 haue
1373 4886 1426 4958 ob
1457 4907 1607 4960 causam
1637 4887 1932 4984 explicationem
1968 4893 2051 4964 eius
2083 4893 2342 4968 exactioribus

558 5017 676 5102 utque
717 5002 891 5102 pluribus
924 5003 1260 5078 observationibus
1292 5026 1425 5102 egere.
1458 5004 2202 5106 b152.-D1sonos1shauddillieilis
2234 5017 2344 5086 est.-

464 5205 467 5212 ⁴
562 5121 822 5220 Cognoscitur
854 5143 876 5194 o
906 5123 1065 5220 proprio
1098 5121 1286 5220 pulmonis
1317 5121 1485 5224 prolapsi
1517 5119 1652 5198 colore
1683 5148 1897 5200 marmoreo
1934 5137 2051 5226 atque
2083 5128 2343 5205 subcueruleo

562 5253 601 5316 ct
633 5269 656 5316 e
688 5243 764 5314 leri
797 5241 1004 5340 spongiosn
1033 5241 1500 5344 substantia-Prolapsus
1530 5222 1721 5344 pulmonis
1752 5246 1835 5318 adri
1865 5257 2029 5322 externo
2050 5247 2117 5324 diu
2144 5251 2343 5350 expositus
