4942 6048
1024 437 1082 546 lc

153 649 337 752 ricinia
357 663 553 780 partium
587 659 948 746 calidissimamm
979 662 1196 770 adjuvant
1246 681 1368 770 (stan.
1389 687 1576 776 utaquap.
1605 693 1628 760 r.
1658 717 1685 762 c.
1714 719 1784 786 cap.
1813 707 1936 774 xxrr.

154 839 187 905 p.
220 814 341 902 aaa),
376 794 560 905 lympha
593 793 799 902 oxydata
832 789 936 897 sola,
970 817 1057 900 qua
1090 813 1222 876 massa
1256 813 1431 900 carnea,
1464 796 1538 879 vel
1578 820 1942 920 concrementum

152 920 418 1032 polyporum
452 919 561 1003 hinc
593 918 704 1000 inde
735 928 951 1002 remanet.
984 915 1075 1003 Hic
1108 917 1283 1027 sanguis
1306 919 1560 1028 coagulatus
1593 928 1798 1019 el'l‘ormat
1818 947 1941 1046 tunc,

153 1045 266 1130 licet
297 1047 548 1156 animalem,
584 1056 732 1136 tamen
764 1043 1074 1156 anorganicam
1102 1043 1410 1132 substantiam.
1462 1046 1540 1133 Ad
1590 1055 1712 1140 hunc
1761 1069 1940 1164 modum

153 1175 330 1283 sanguis
362 1174 412 1258 in
445 1173 673 1260 mixtione
707 1197 782 1256 sua
816 1181 1126 1277 commutatus,
1158 1181 1306 1286 potest
1339 1173 1429 1263 vim
1448 1201 1565 1260 stram
1584 1181 1714 1268 valde
1738 1191 1941 1303 noxiam,

156 1325 272 1409 quae
306 1304 426 1416 apud
458 1301 720 1386 Dunosrun
749 1325 817 1384 vrs
850 1323 1113 1385 canmvona
1146 1300 1290 1406 audit,
1324 1301 1375 1382 in
1409 1329 1479 1387 eas
1517 1318 1664 1418 partes
1704 1338 1942 1428 exercere,

111 1507 125 1520 ,
154 1453 263 1536 quas
296 1428 494 1538 attingit.
524 1426 688 1515 Statim
722 1453 831 1512 vero
863 1429 1124 1540 pulmonum
1157 1427 1307 1511 laxius
1341 1437 1388 1512 et
1435 1432 1615 1519 tenuius
1630 1447 1942 1558 parenchyma

152 1579 330 1668 prorsus
364 1557 570 1664 resolvet,
603 1558 677 1640 vel
711 1554 965 1640 immutabit
998 1555 1094 1662 ejus
1137 1563 1378 1638 texturam.
1428 1555 1516 1640 Hae
1565 1566 1830 1674 perniciosae
1879 1599 1942 1658 se.

159 1683 335 1789 qu'elae,
369 1681 405 1766 si
440 1681 617 1796 corpori
651 1682 871 1767 cachexia
903 1681 1035 1766 simul
1068 1680 1202 1788 inest,
1235 1709 1351 1790 quae
1382 1687 1611 1794 sanguinis
1628 1697 1849 1806 coagulati
1866 1706 1941 1786 de-
2052 1752 2059 1778 .

155 1808 521 1923 compositionem
554 1820 602 1894 et
634 1809 898 1894 ulteriorem
931 1807 998 1892 vis
1032 1809 1127 1915 ejus
1159 1833 1434 1922 progressum
1467 1813 1666 1925 adjuvat,
1718 1820 1772 1907 eo
1807 1827 1940 1939 citius

155 1939 200 2019 'se
235 1933 533 2022 manifestant.
571 1933 646 2022 Sic
678 1961 871 2050 praesens
904 1934 1129 2048 phthisim
1161 1934 1392 2048 dispositio
1425 1943 1693 2029 acceleravit
1715 1957 1941 2058 quondam

152 2061 278 2175 puris
311 2062 605 2148 secretionem
654 2072 754 2176 post
801 2062 967 2146 vulnus
1014 2061 1209 2175 pectoris
1258 2060 1450 2174 illatum,
1482 2067 1545 2152 ita
1578 2079 1630 2153 ut
1650 2076 1837 2188 septimo
1854 2080 1942 2166 iam

154 2187 232 2272 die
280 2199 380 2303 post
428 2199 624 2300 quatuor
673 2191 942 2300 quadrantes
990 2183 1234 2308 (canthari)
1276 2187 1442 2278 ichoris
1475 2191 1623 2306 effusi,
1657 2201 1942 2318 diaphragma

152 2315 476 2428 pulmonesque
495 2342 679 2424 comesa,
697 2326 835 2428 atque
852 2327 1091 2430 suppurata
1108 2323 1591 2432 esseut.(nrcmm.m·gesr.
1623 2345 1701 2420 bec.
1719 2350 1762 2418 V.
1791 2375 1820 2419 c.
1849 2347 1940 2444 app

158 2439 397 2554 Sanguinis
446 2452 594 2528 autem
644 2452 975 2528 extravasatum
1023 2438 1142 2528 forte
1190 2467 1273 2557 per
1323 2441 1511 2528 externi
1560 2448 1680 2534 adria
1723 2467 1943 2543 accessum

154 2579 429 2684 putrescens,
461 2568 701 2655 labefactat
737 2580 877 2653 totum
912 2570 1223 2678 organismum,
1256 2579 1393 2678 atque
1426 2569 1489 2656 sic
1543 2569 1715 2662 febrem
1747 2583 1945 2696 excitat,

155 2695 248 2781 sive
282 2696 527 2782 excitatam
566 2697 719 2806 jamin
737 2695 963 2809 putridam
997 2694 1224 2780 convertit
1257 2706 1306 2778 et
1338 2708 1525 2782 mortem
1558 2700 1688 2786 valde
1737 2719 1942 2799 maturat.

156 2819 287 2908 Hanc
327 2822 377 2907 in
409 2833 593 2938 pectore
627 2821 898 2908 extravasati
933 2831 980 2908 et
1011 2849 1094 2937 per
1125 2823 1311 2932 longum
1328 2819 1395 2906 ibi
1414 2825 1583 2910 retenti
1600 2831 1829 2940 sanguinis
1848 2837 1942 2924 vim

156 2949 275 3035 clare
308 2949 482 3034 indicat
514 2949 767 3038 notissimus
808 2947 1118 3058 antiquiorum
1166 2948 1432 3060 scriptorum
1464 2947 1642 3036 Pannl
1675 2957 1744 3042 his
1777 2965 1940 3051 verbis:

154 3077 248 3184 „sic
282 3078 412 3163 enim·
435 3102 597 3160 vanum
630 3075 892 3188 qualitatem
926 3075 1137 3185 induens,
1171 3075 1317 3162 ¹cordis
1349 3076 1489 3161 robur
1528 3079 1771 3194 insigniter
1818 3090 1940 3178 dissi·

77 3303 85 3312 1
149 3213 262 3318 „pat
296 3215 342 3289 et
376 3203 603 3290 exoluit.“
1681 3241 1686 3250 ·

185 3533 338 3622 Talem
373 3533 599 3646 sanguinis
631 3533 1039 3636 extravasationem
1073 3533 1126 3620 in
1157 3559 1326 3646 genere
1358 3539 1600 3624 admodum
1630 3563 1796 3633 arcura
1827 3577 1939 3666 sym-

154 3674 302 3776 ptoma
319 3689 426 3773 esse,
443 3690 468 3747 c
485 3663 714 3778 praedictis
731 3663 834 3748 satis
858 3663 1022 3748 elucet.
1041 3663 1237 3750 Gnaeos
1269 3669 1421 3748 autem·
1450 3667 1659 3779 periculi,
1693 3672 1803 3762 inde
1843 3707 1940 3794 pro·
1972 3674 1976 3682 ’

157 3790 383 3874 venientis
416 3794 497 3876 sub
530 3788 625 3904 pari
644 3790 908 3876 conditione
925 3791 1190 3903 plerumque
1217 3795 1372 3874 eadem
1390 3792 1581 3901 ratione,
1601 3823 1689 3905 qna
1707 3827 1843 3887 coma
1859 3799 1940 3892 hu-

153 3918 289 4000 moris
322 3917 611 4023 extravasati,
645 3941 824 4027 quaque
856 3939 1032 4000 runem
1063 3915 1425 4001 commorationis
1453 3917 1548 4028 ejus
1583 3923 1631 4005 in
1664 3939 1848 4038 pectore
1867 3961 1939 4017 au-

41 4123 48 4132 ,
155 4051 303 4152 getan,
339 4044 448 4124 licet
481 4069 638 4152 neque·
666 4044 741 4126 bic
774 4040 1069 4154 exceptiones
1103 4041 1267 4128 desint.
1299 4039 1682 4154 Insequentibus
1715 4078 1835 4142 casus
1868 4065 1939 4146 ad-

155 4175 313 4254 ductos
349 4169 613 4278 videbimus,
645 4169 726 4252 ubi
760 4166 971 4252 maximae
1005 4169 1231 4278 sanguinis
1264 4168 1314 4253 in
1349 4183 1531 4284 pectore
1557 4185 1939 4276 extravasationes

155 4323 241 4409 ope
275 4308 466 4405 naturae,
481 4298 556 4380 vel
589 4297 697 4381 artis
727 4293 855 4384 felici
880 4295 980 4380 cu'm
997 4321 1197 4380 successu
1215 4303 1440 4407 quondum
1458 4301 1737 4416 levabantur,
1756 4337 1893 4418 quum
1911 4343 1942 4404 e

157 4425 383 4510 contrario
416 4425 489 4508 vel
524 4424 780 4537 pauxillum
832 4421 1059 4533 sanguinis
1109 4425 1386 4510 extravasati
1429 4427 1644 4535 jacturam
1693 4433 1937 4547 aliquando
2025 4461 2033 4469 '

156 4553 314 4638 dextri
347 4551 572 4668 pulmonis
624 4577 772 4636 secum
826 4549 1051 4659 traxisset,
1102 4551 1227 4658 cujus
1277 4554 1564 4638 substantiam
1617 4555 1939 4658 Sorrwnmsnon·

157 4698 322 4789 (Thoagts
336 4700 577 4792 physiologica,
592 4697 875 4789 pothclogicolocd
888 4697 1140 4786 procinctualis
1155 4718 1238 4767 some
1257 4703 1423 4768 rbscrand
1433 4709 1783 4792 annunties-practico!
1796 4717 1936 4790 observa.

154 4825 239 4887 lions
260 4821 293 4885 Y
294 4819 1084 4910 ort.r798.vichommlungouserlrs.Athenai.
1103 4817 1147 4884 T.
1165 4819 1236 4886 XV
1240 4819 1290 4886 ll.
1319 4841 1352 4907 p.
1372 4819 1477 4909 545.)
1511 4807 1569 4888 dd
1600 4805 1725 4893 himo
1757 4821 1939 4905 modum

95 5033 116 5048 .
155 4922 410 5006 dissolutam
450 4921 642 5007 invenit.
678 4919 842 5023 Quoad
893 4947 1077 5031 rannus,
1128 4949 1219 5033 quo
1269 4930 1546 5015 extrarasati
1596 4937 1795 5047 sequelae
1841 4971 1936 5062 sup

154 5170 198 5258 lc)
224 5167 322 5234 Albr.
342 5157 501 5230 'Macran
529 5157 654 5232 tehrh.
683 5164 751 5232 der
774 5164 938 5252 gericht:
953 5165 1123 5266 Mediam.
1146 5163 1170 5231 l.
1199 5183 1228 5231 c.
1257 5187 1292 5256 p.
1315 5185 1393 5260 ¹79·
1423 5172 1541 5262 5¹⁹⁶>

155 5271 185 5362 l)
223 5274 352 5337 emm
378 5270 494 5356 Opera
520 5263 672 5354 chirurg.
701 5266 726 5335 l.
753 5287 784 5336 c.
812 5269 960 5340 tihtx.
989 5273 1072 5358 Cup.
1092 5271 1199 5339 XXX.
1228 5289 1263 5358 p.
1284 5273 1367 5340 aon
1524 5302 1527 5310 ¹
