4960 6054
1406 413 1463 502 '52

1368 645 1394 760 s
1427 647 1503 752 aa.

535 923 537 933 Ι
612 812 786 930 Corpus
816 809 1030 924 alienum,
1064 809 1203 924 quod'
1220 815 1277 895 ad
1307 809 1539 926 pulmones
1572 807 1797 924 pervenit,
1816 817 1924 893 tunc
1942 807 2214 894 solummodo
2231 811 2334 896 exi·

548 944 702 1030 mendi
735 943 905 1057 copiam
938 941 1080 1050 dabit,
1115 943 1295 1050 qnando
1328 919 1614 1052 digitus‚'·vel
1648 935 1773 1042 aliud
1805 935 1950 1055 aptius
1984 935 2333 1023 instrumentum

548 1068 742 1194 (forceps
776 1063 1073 1186 chirurgicus]
1107 1067 1224 1149 illud
1256 1065 1480 1175 attingere
1497 1063 1680 1178 poterit.
1714 1059 1883 1175 Contra
1902 1090 2009 1146 vero
2033 1075 2208 1148 naturae
2225 1091 2334 1150 sem·

545 1224 631 1316 per
661 1202 954 1282 amovendum
972 1194 1262 1303 relinquitur,
1280 1219 1383 1303 quas
1400 1190 1583 1304 quidem
1616 1189 1733 1273 illud
1752 1179 1896 1274 tractu
1915 1191 2122 1304 temporis
2138 1217 2219 1305 per
2241 1215 2332 1306 pus

548 1352 576 1412 e
609 1325 798 1410 vulnere
831 1335 1027 1410 externo
1061 1319 1269 1430 effluens,
1286 1321 1409 1402 haud
1425 1345 1523 1403 raro
1539 1321 1597 1401 ad
1628 1317 1800 1403 aditum
1833 1317 2130 1431 ejuslprol'ert.
2164 1314 2332 1404 Sanum

549 1453 822 1544 (Attanrsongea
846 1475 904 1520 cus
929 1456 986 1520 der
1013 1449 1309 1538 Nutargescbtcbte,
1334 1460 1437 1538 proc.
1465 1451 1699 1537 Armeyrcnst
1721 1449 1787 1512 und
1814 1447 1996 1534 chirurgia,
2023 1448 2167 1512 ausam
2204 1443 2331 1530 Schrif-

547 1585 599 1646 ten
624 1579 681 1642 aer
707 1573 904 1640 Hoorlcmer
929 1571 994 1639 'rand
1021 1573 1160 1637 anderes·
1186 1567 1330 1638 tollant:
1369 1566 1618 1652 Gerellsboften.
1656 1569 1691 1634 8.
1721 1567 1760 1633 Τ.
1779 1567 1809 1632 Ι.
1843 1539 1992 1654 1775)”)
2009 1548 2095 1628 hoc
2128 1549 2259 1630 modo
2276 1545 2329 1630 in

545 1691 703 1796 pectus
736 1675 918 1788 aegroti,
947 1655 1181 1761 evulnere
1215 1671 1482 1788 sclopetario
1514 1672 1601 1780 jam
1633 1682 1740 1756 ante
1773 1669 1940 1780 viginti
1960 1670 2056 1758 dies
2073 1672 2215 1780 illato,
2230 1699 2327 1786 par·

548 1819 639 1891 tem
671 1803 902 1890 subuculas
937 1801 1103 1888 exiisse
1122 1797 1256 1909 vidit,
1290 1827 1396 1910 quae
1426 1800 1585 1918 procul
1620 1797 1956 1908 dubioglande
1991 1797 2041 1882 in
2057 1810 2214 1914 pectus
2229 1826 2330 1914 pro·
2464 1889 2465 1896 ,

549 1941 689 2018 tracta
721 1928 835 2039 luit3
868 1955 997 2040 quam
1032 1917 1139 2013 vero
1173 1927 1223 2011 in
1256 1926 1543 2041 pulmonibus
1577 1949 1631 2010 eo
1665 1951 1805 2038 usque
1839 1927 2036 2033 latuisse,
2070 1922 2180 2010 inde
2230 1952 2327 2012 nou
2464 1929 2465 1948 ³

545 2059 642 2144 sine
660 2061 848 2170 quadam
865 2055 1058 2162 veritate
1077 2053 1344 2164 conjicitur,
1386 2058 1510 2164 quod
1541 2079 1651 2157 mox
1683 2064 1782 2166 post
1799 2063 2005 2139 exortam
2024 2053 2179 2138 tussim
2196 2053 2327 2142 vete·

538 2181 743 2270 mentior
774 2194 823 2268 et
853 2177 1139 2292 frequentior
1171 2180 1484 2296 expectoratio
1516 2173 1771 2294 incoeperit.
1928 2233 1934 2240 .

604 2309 724 2416 ,Haec
757 2319 805 2396 et
837 2305 995 2395 similia
1028 2307 1097 2393 his
1130 2305 1339 2421 exempla
1371 2306 1472 2394 satis
1518 2311 1760 2392 admonere
1800 2305 2060 2416 chinrrgum
2092 2307 2326 2416 videntur,

410 2433 415 2440 ’
544 2437 694 2522 omnia
726 2437 973 2547 diligenter
1005 2435 1266 2532 examinare
1299 2446 1347 2518 et
1378 2426 1502 2518 inter
1533 2459 1756 2558 quamque
1790 2432 2124 2542 deligationem,
2142 2435 2325 2518 circum-

543 2572 695 2677 specte
729 2560 1068 2678 suscipiendam,
1104 2570 1198 2645 tum
1230 2563 1410 2647 demum
1443 2559 1586 2645 alieni
1627 2557 1824 2673 corporis
1876 2557 2207 2668 indagationem
2258 2559 2324 2642 in·

486 2693 515 2726 ³
545 2689 811 2798 termittere,
844 2709 996 2800 quum*
1016 2691 1074 2772 de
1105 2685 1359 2802 praesentia·
1379 2687 1488 2796 ejus,
1520 2685 1596 2774 vel
1626 2696 1812 2800 propter
1842 2685 1997 2771 veram
2026 2709 2210 2793 causam,
2250 2685 2329 2770 vel

543 2827 609 2903 sat
641 2815 877 2934 speciosam
910 2814 1084 2899 iamiam
1115 2812 1431 2934 desperaverit.
1464 2811 1581 2897 Inde
1614 2810 1742 2898 simul
1766 2823 1965 2927 apparet,
1996 2839 2077 2898 nos
2109 2839 2209 2898 cum
2245 2807 2324 2900 Sa·

543 2935 762 3050 annuns),
797 2942 877 3054 qui
893 2966 1156 3028 nncnssamo
1190 2950 1238 3026 et
1269 2964 1528 3024 mmmmm
1558 2937 1757 3024 alienum
1791 2963 1948 3051 corpus
1962 2938 2233 3054 perscrutari
2250 2941 2324 3026 de·

526 3071 652 3158 „bere
684 3067 853 3179 monet,
884 3094 1061 3184 prorsus
1108 3067 1366 3154 consentire
1398 3093 1492 3150 non
1524 3090 1663 3180 posse,
1705 3067 1783 3150 sed
1829 3063 1980 3204 potius
2012 3091 2086 3150 eos
2117 3115 2177 3134 -
2206 3092 2248 3152 e.
2281 3091 2322 3176 g.

543 3194 589 3286 S.
622 3197 809 3282 Commu
842 3217 888 3304 (1.
926 3231 959 3280 c.
985 3235 1020 3301 p.
1051 3216 1141 3302 550)
1159 3193 1384 3304 -sequi,
1438 3191 1518 3304 qui
1551 3191 1882 3300 indagationem
1916 3191 2038 3274 illam
2074 3204 2183 3279 tunc
2213 3217 2323 3278 vere

542 3319 814 3436 superfluam
845 3345 941 3402 non
974 3330 1211 3430 reputant,
1259 3318 1298 3402 si
1337 3316 1437 3428 quis
1472 3347 1582 3428 eam,
1614 3317 1717 3404 satis
1748 3321 1807 3402 de
1838 3317 2077 3429 praesentia
2126 3317 2323 3434 corporis

541 3448 685 3534 alieni
717 3449 919 3554 edoctus,
952 3447 1162 3563 suscipiat
1194 3453 1242 3538 et
1275 3445 1552 3531 extractioni
1580 3445 1784 3555 ejusdem
1813 3443 1966 3530 'nubas
1999 3441 2323 3532 contraindica·

543 3573 689 3664 tiones
719 3574 913 3660 obstent.

1208 3707 1215 3714 '
1359 3701 1500 3814 §ts-

545 3993 556 4012 ·
604 3861 683 3954 Aa
713 3889 874 4011 corpus
905 3864 1119 3960 alienum·
1145 3865 1368 3950 thoracem
1401 3875 1641 3981 penetrans
1679 3866 1973 3948 amovendum
2023 3863 2324 3966 contribuunt

541 4019 821 4230 martmiiius
852 4117 1092 4204 vulnerati.
1113 4117 1168 4229 B,
1201 4065 1492 4228 Injectiones.
1510 4117 1564 4226 C,
1598 4115 1816 4203 Dilatatio
1848 4116 2049 4206 vmneris
2065 4117 2255 4210 externi
2271 4127 2322 4206 ct

542 4249 601 4358 D,
633 4246 1038 4362 Contra-apertura.
1870 4239 1877 4250 '

1361 4411 1387 4525 5
1422 4411 1495 4497 50.

428 4577 433 4584 ’
455 4587 458 4590 ’
484 4675 489 4686 ‚
601 4573 681 4696 A.)
702 4574 831 4666 Ssnus
847 4599 1118 4664 vunnnnnm.
1150 4573 1245 4660 Jam
1262 4585 1436 4662 veteres
1453 4569 1786 4706 intelligebant,
1804 4586 2021 4686 quantum
2041 4576 2149 4663 situs
2180 4603 2319 4686 usgru-

542 4703 580 4788 ti
627 4711 685 4788 ad
733 4707 852 4788 hanc
886 4730 978 4788 rem
1029 4701 1269 4788 conferret.
1319 4701 1399 4785 Illi
1431 4703 1613 4813 quidem
1648 4704 1796 4814 magni
1828 4705 2129 4814 aestimabant,
2164 4709 2320 4788 vulne·

540 4842 685 4916 ratum
718 4831 769 4916 in
802 4819 903 4915 eum
936 4829 1071 4916 situm
1102 4829 1267 4919 iterum
1300 4829 1535 4943 collocare,
1567 4831 1618 4918 in
1636 4857 1726 4948 quo
1750 4829 1913 4919 virinus
1928 4833 2181 4952 accepisset.
2200 4829 2320 4958 Qua·

537 5143 576 5226 e)
606 5147 773 5210 chmmu
800 5143 888 5210 sibt
917 5141 1070 5232 chirurg.
1096 5143 1198 5208 Tcm.
1225 5143 1287 5209 111.
1315 5163 1352 5235 p.
1383 5145 1476 5214 6η-
1635 5229 1638 5240 ,

535 5243 572 5338 l)
599 5249 774 5320 δωωι.
800 5267 831 5316 ι.
859 5267 889 5318 c.
917 5244 1018 5315 Tom
1045 5249 1089 5313 11.
1118 5266 1153 5336 p.
1186 5247 1266 5313 231.
