4942 6048
1355 385 1458 486 soa

511 616 639 700 nium
671 617 819 696 autem
850 604 1047 692 maxime
1079 603 1169 688 huc
1203 598 1411 691 conlerre
1443 631 1568 719 posse
1600 628 1756 722 puram
1792 605 1988 722 tepidam
2028 635 2203 722 aqraam,
2223 612 2301 700 vel

518 753 655 828 tenue
695 735 889 822 inlusum
924 731 1085 842 radicis
1118 733 1311 842 altheae,
1344 759 1425 818 nos
1459 736 1643 843 quidem
1677 733 1997 825 existimamus.

579 863 807 988 (b)·Tales
854 885 964 948 vero
998 857 1266 967 injectiones
1298 886 1393 944 non
1425 861 1668 968 violenter,
1701 870 1780 950 sed
1814 877 2031 973 quantum
2064 863 2169 954 fieri
2203 877 2300 981 pot

519 1006 601 1104 est,
652 998 778 1076 tarde
810 991 1026 1097 lenteque
1061 984 1209 1070 facere
1241 996 1289 1070 et
1322 987 1447 1095 quasi
1466 1093 1469 1102 ‚
1488 988 1708 1074 instillare
1758 988 2070 1112 (einl'loessen)
2103 1004 2300 1108 oportet,

515 1149 576 1208 nc
609 1117 869 1206 vehementi
903 1141 1052 1200 earum
1086 1113 1135 1197 in
1179 1116 1401 1198 thoracem
1453 1115 1647 1200 introitu
1698 1117 1869 1226 magna·
1903 1117 2114 1228 irritatio,
2163 1133 2301 1230 atque

517 1248 679 1334 utendi
714 1250 845 1329 modo
878 1246 1087 1327 murnum
1119 1240 1307 1350 aliquod
1339 1243 1645 1350 contrahatur3
1679 1243 1866 1352 scilicet,
1904 1247 2026 1355 quia,
2045 1249 2302 1361 utplerum·

518 1404 608 1489 quc
641 1373 748 1460 lieri
781 1373 907 1480 solet,
940 1369 1084 1453 clausa
1115 1368 1289 1476 jamjam
1322 1369 1667 1479 sanguinolenta
1693 1399 1788 1456 vasa
1807 1375 1864 1456 de
1883 1399 2000 1458 novo
2018 1375 2299 1488 aperiuntur.
2384 1413 2400 1424 ’

1294 1536 1354 1650 ‘S
1392 1543 1494 1622 103.

432 1818 436 1824 Ι
578 1710 776 1814 Tanarus,
816 1732 942 1812 coam
974 1725 1119 1788 sanan
1152 1700 1379 1809 nimirum,
1419 1728 1644 1812 Quamque
1674 1727 1755 1790 nro
1791 1703 2114 1814 injectionibus
2138 1705 2217 1806 ‚uti
2250 1707 2301 1790 li·

384 1897 388 1904 ·
519 1848 632 1945 ceat,
675 1836 761 1919 vix
803 1834 986 1943 quidem
1029 1837 1235 1915 accurate
1278 1831 1572 1916 determinari
1614 1840 1773 1944 potest.
1812 1831 1983 1920 Partim
2016 1835 2138 1920 enim
2172 1834 2301 1948 copia

518 1962 746 2075 sanguinis
779 1960 1053 2046 extravasati
1087 1967 1135 2042 et
1167 1957 1340 2044 diversa
1375 1958 1470 2067 ejus
1505 1957 1769 2070 coagulatio,
1802 1961 1963 2075 partim
1984 1988 2088 2048 vero
2108 1961 2300 2076 ipsarum

520 2091 817 2198 injectionum
834 2113 1070 2203 successus,
1094 2094 1302 2202 totusque
1337 2083 1767 2200 circumstantiarum
1801 2114 2040 2173 concursus
2074 2089 2125 2172 in
2157 2087 2301 2198 quoli-

520 2221 600 2304 bet
632 2213 814 2332 speciali
847 2240 948 2300 casu
982 2213 1181 2324 chirurgi
1218 2210 1453 2296 consilium
1488 2222 1580 2295 tum
1614 2211 1662 2297 in
1699 2213 1779 2296 illo
1803 2199 2087 2325 definiendo,
2116 2227 2300 2299 tumve·

519 2373 571 2432 ro
606 2345 654 2428 in
687 2343 852 2454 agendi
885 2341 1059 2426 ratione
1093 2340 1387 2446 instituenda,
1422 2365 1579 2449 regere
1612 2340 1801 2444 debent,
1830 2339 1929 2426 Hac
1966 2354 2113 2427 tamen
2146 2341 2331 2450 regula

521 2473 667 2557 lorsan
687 2470 999 2578 ,injectionurn
1032 2493 1134 2552 usus
1167 2465 1377 2550 continui
1426 2464 1553 2577 quasi
1586 2476 1722 2551 metas
1773 2467 2012 2581 praefigere
2062 2493 2303 2582 possumus,

522 2609 574 2682 ut
623 2625 717 2682 non
765 2597 889 2713 prius
937 2599 993 2680 ab
1044 2593 1133 2678 illis
1183 2618 1351 2681 cessare
1400 2593 1635 2708 patiamur,
1686 2620 1818 2705 quam
1868 2595 2041 2708 liquor,
2107 2595 2303 2704 iniectus

521 2751 690 2812 cruore·
727 2724 987 2835 grumisqne
1035 2720 1264 2830 sanguinis
1313 2717 1525 2829 infectus,
1559 2745 1585 2802 e
1638 2722 1819 2807 thorace
1868 2723 2020 2808 redire
2064 2713 2293 2809 desierint

523 2851 574 2940 Si
605 2879 714 2938 vero
748 2851 853 2937 illae
902 2854 1086 2961 quando
1133 2847 1316 2960 quidem
1353 2848 1401 2931 in
1436 2874 1481 2934 se
1525 2845 1805 2932 tenuissimae
1844 2849 1890 2932 vi
1923 2877 1999 2934 sua
2046 2849 2304 2936 mechanica

520 2991 710 3092 systema
742 3004 944 3062 vasorum
977 2973 1253 3089 capillarium
1285 2984 1546 3063 consumant
1579 2985 1627 3060 et
1657 2976 1745 3058 hoc
1761 2979 1891 3059 modo
1908 2980 2114 3060 damnum
2131 2978 2304 3088 minen·

523 3118 611 3215 tur,
646 3102 1510 3223 (quapropteraPannEpauo⁴(Pammrn.
1542 3123 1688 3210 Clinicus
1713 3097 1938 3214 chirurgicals.
1969 3124 2000 3188 V
2002 3125 2044 3191 ol.
2072 3125 2143 3190 Ill.
2161 3149 2193 3213 p.
2214 3121 2301 3209 181)

472 3281 476 3300 ·
521 3244 569 3328 et
602 3225 867 3318 cinnami)
899 3255 1078 3318 semron
1113 3224 1448 3348 reprobantur),
1468 3238 1576 3313 tunc
1609 3255 1737 3316 arsum
1770 3255 1920 3316 earum
1953 3256 2048 3314 non
2072 3227 2160 3316 nisi
2178 3227 2303 3340 gravi

522 3365 580 3450 de
615 3386 742 3470 causa
774 3360 908 3468 longe
941 3359 1202 3472 protrahere
1237 3357 1462 3444 dehemus.

690 3525 765 3610 Dra
796 3549 1004 3612 rocconis
1037 3545 1286 3608 ancarana
1320 3545 1598 3608 anmmcram
1631 3549 1662 3610 a.
1695 3549 1756 3606 oa
1791 3549 2141 3612 pannosarum.
2227 3595 2234 3605 .

1238 3753 1244 3760 .
1330 3689 1357 3802 §
1395 3697 1496 3794 1⁰4·

589 3856 834 3962 Sivulnus
868 3855 916 3942 in
950 3884 1180 3943 sornmonr
1212 3855 1406 3969 pectoris
1438 3865 1565 3968 parte
1617 3865 1750 3940 extet
1784 3875 1820 3962 (ς
1848 3877 1913 3964 95)
1955 3856 2056 3941 satis
2106 3869 2304 3972 apparet,

521 3987 781 4100 sanguinem
815 3985 866 4070 in
899 3983 1043 4068 fundo
1078 3982 1293 4090 caritatis,
1327 4007 1455 4095 supra
1488 3980 1773 4096 diaphragma
1798 3992 2144 4094 extravasatum,
2162 3984 2303 4094 gravi·

505 4115 624 4200 ‘tatis
657 4103 851 4228 propriae
885 4138 1012 4196 causa
1043 4135 1126 4224 per
1157 4107 1435 4224 primitivum
1469 4109 1631 4193 vulnus
1665 4109 1813 4192 emitti
1844 4138 1937 4193 non
1971 4103 2146 4222 posse').
2167 4111 2304 4214 Quod

434 4225 443 4258 i
520 4241 579 4328 fit
613 4243 841 4326 interdum
875 4266 969 4322 non
1002 4236 1098 4322 sine
1132 4234 1335 4350 periculo
1383 4239 1658 4320 renovandae
1708 4239 2068 4348 hmmorrlragiae,
2118 4239 2155 4326 si
2203 4237 2304 4324 fons

522 4367 808 4476 extravasati,
841 4376 893 4488 ut
926 4363 1093 4450 accidit
1124 4361 1414 4476 plerumque,
1448 4389 1586 4476 prope
1619 4363 1782 4447 vulnus
1814 4363 2109 4476 primitivum,
2143 4365 2216 4451 vel
2254 4365 2304 4450 in

520 4508 703 4612 pectore
738 4493 826 4577 imo
858 4479 1016 4599 latens,
1050 4487 1315 4604 reperiatur.
1353 4487 1446 4574 Ubi
1481 4489 1622 4600 igitur
1654 4489 1774 4572 nihil
1806 4491 1974 4574 auxilii
2007 4496 2063 4577 ab
2096 4492 2304 4579 omnibus

522 4703 552 4790 i)
594 4705 759 4766 chmm.
788 4694 1108 4784 Anfangsgruende
1135 4693 1200 4761 der
1225 4691 1593 4779 Wundaraneyxunst.
1618 4713 1648 4762 r..
1678 4710 1708 4760 c.
1736 4713 1772 4782 p.
1790 4696 1874 4772 542.
1903 4698 1921 4784 ς
1948 4700 2036 4777 464,

520 4805 562 4892 κ)
590 4801 740 4870 tantm.
768 4820 801 4868 r..
826 4821 858 4867 c.
884 4804 925 4866 T.
952 4805 982 4864 l.
1013 4797 1149 4886 (1313)
1176 4815 1212 4883 p.
1230 4797 1317 4872 642.
1746 4849 1756 4866 ,

520 4909 557 4998 *)
584 4899 794 4990 Hujusmodi
820 4898 1113 4989 exemplavide:
1141 4896 1236 4986 apud
1275 4899 1380 4982 Sum,
1408 4893 1481 4962 vid.
1509 4901 1557 4964 La
1585 4901 1711 4964 Barac.
1736 4918 1768 4964 r..
1795 4921 1825 4966 c.
1852 4921 1889 4989 p.
1911 4901 2306 4993 165.-duo‚Exempla

583 5003 679 5098 apud
706 5007 906 5074 Scncrmmr
937 4999 1027 5092 (vid.
1054 5007 1103 5068 Le
1129 4999 1244 5066 Blanc.
1261 5019 1292 5065 ι..
1319 5018 1351 5065 c.
1380 5020 1415 5086 p.
1441 5001 1541 5087 167t3
1569 5001 1807 5067 Vananrmin
1834 5005 2001 5072 Rrec-rear
2028 5005 2120 5075 Bihl.
2148 5003 2306 5094 chirurg.

580 5115 623 5176 T.
645 5113 697 5173 lt.
723 5109 820 5174 Fasc.
853 5128 882 5172 o.
909 5125 945 5196 p.
963 5105 1331 5174 28-300-Gnoscara
1349 5101 1394 5168 ιιι
1420 5105 1592 5172 charrar
1618 5101 1710 5175 Eihl.
1741 5100 1895 5194 chirurg.
1921 5111 1963 5176 T.
1992 5111 2069 5178 vu.
2102 5129 2139 5198 p.
2165 5113 2240 5198 694
2268 5119 2308 5179 et

582 5208 681 5300 apud
706 5205 846 5276 elion*
1004 5239 1008 5244 ·
1416 5242 1420 5254 ·
