4960 6054
1015 441 1091 496 m
1119 492 1121 496 .

156 671 329 748 magnam
357 651 398 724 in
424 643 707 746 cognoscendo
737 645 896 741 requirit
912 644 1177 719 attentionem.
1193 640 1215 742 l
1234 641 1764 750 155.-Paoouos1s-7uilril
1794 675 1867 728 rau
1896 677 1942 732 ss
2035 686 2039 695 ·

156 771 286 846 adfert
301 769 467 844 lethalis.
501 767 775 867 Symptomata
790 785 869 838 nou
890 761 1119 862 periculosa.
1141 761 1460 860 §.mlta-Curta
1483 763 1763 842 Iunrcrirronas
1783 795 1942 847 cunam·

156 911 245 962 rsa:
284 899 328 966 ιο
347 891 462 990 partis
493 887 710 986 prolapsae,
720 907 841 982 quam
857 882 1063 956 celerrime
1078 892 1222 990 potest,
1240 883 1440 980 repositi03
1451 892 1508 959 ‘2⁰
1526 907 1618 960 cura
1633 893 1941 968 antevertendae

156 1012 418 1106 renqvatjonts
450 1003 664 1107 prolapsus.
698 1003 718 1103 q
756 999 1069 1078 rto-conditio
1099 1000 1149 1073 ad
1179 1003 1455 1098 repositionem
1470 1006 1586 1102 partis
1610 1005 1780 1106 prolapsi
1794 1011 1941 1108 pulmo·
1971 1023 2004 1110 J

155 1130 214 1199 nis
249 1140 309 1204 est
341 1147 501 1200 saumas
533 1128 628 1197 eius.
661 1121 849 1196 Methodi
872 1121 1010 1194 solitae
1042 1119 1092 1200 ad
1122 1117 1206 1208 hoc,
1231 1119 1522 1217 perficiendum:
1546 1125 1732 1222 repositio
1748 1147 1820 1226 per
1835 1153 1940 1204 uror·

155 1269 238 1336 ros,
270 1247 319 1320 ad
350 1248 465 1320 instar
496 1247 717 1339 taxis5-qua
746 1239 962 1314 remedium
1000 1238 1185 1313 auxiliare
1216 1261 1426 1312 serenatus
1455 1265 1646 1334 oarusuu,
1678 1246 1785 1341 quod
1816 1259 1940 1322 tamen

155 1367 240 1438 sine
271 1365 351 1438 ulla
381 1368 416 1438 vi
446 1361 708 1437 adhibendum
739 1360 1087 1433 est-Dumana
1119 1363 1526 1454 vusuaa1s,-quamris
1557 1360 1623 1434 illa
1669 1363 1834 1440 indicata
1865 1383 1938 1456 est,
2045 1365 2051 1374 '

144 1507 236 1557 non
267 1505 420 1582 semper
453 1495 578 1558 tamen
608 1481 759 1553 suflicit.
793 1477 914 1552 Casus
945 1471 1023 1550 hoc
1054 1478 1321 1575 comprobans.
1355 1474 1461 1583 Quid
1491 1478 1568 1554 hoc
1598 1483 1638 1552 in
1661 1505 1752 1556 casu
1798 1509 1939 1558 memo·

97 1593 102 1604 '
139 1602 282 1688 ‚rabile
324 1613 418 1676 erat.
449 1601 471 1702 q
508 1598 830 1677 156.-Pulmonis
862 1599 901 1669 in
933 1607 1071 1696 pectus
1116 1595 1269 1670 reducti
1309 1595 1418 1677 nulla
1448 1619 1540 1670 cura
1571 1603 1746 1698 specialis
1777 1603 1936 1703 amplius

153 1721 336 1796 habenda
366 1733 438 1810 est,
469 1722 542 1792 nisi
572 1717 622 1792 ad
664 1716 968 1792 satisfaciendam
999 1713 1223 1802 ¹secundam
1259 1711 1557 1806 indicationem,
1604 1719 1766 1794 lacunae
1797 1746 1936 1820 parvus

152 1841 335 1942 pulvillus
366 1838 416 1912 ad
447 1838 604 1934 aliquod
623 1849 770 1934 tempus
802 1837 876 1908 rite
907 1834 1126 1932 adaptetur,
1176 1833 1243 1905 ubi
1287 1855 1454 1907 necesse
1486 1834 1938 1935 est.§157.-Coa0ffl,.
1998 1831 2003 1849 ⁸

153 1981 433 2056 runrosrrouns
465 1957 654 2058 pulmonis
671 1953 874 2064 prolapsus
891 1952 1120 2051 reponendi:
1138 1953 1310 2052 a)u1rns
1331 1953 1413 2026 eius
1429 1975 1677 2046 uaourruno,
1701 1959 1745 2058 b)
1764 1981 1940 2036 nsanos-

152 2100 364 2169 nusome
394 2088 505 2176 parte
536 2074 716 2175 prolapsa
746 2083 787 2146 et
818 2073 860 2170 c)
891 2069 1065 2144 eiusdem
1097 2069 1369 2170 contrariaq
1395 2072 1938 2152 158-qurcarrocunnrrvs

152 2196 213 2272 his
243 2201 283 2272 in
313 2197 475 2286 casibus,
508 2195 716 2293 praecipue
746 2193 785 2263 in
815 2190 1033 2290 posteriori:
1066 2189 1129 2288 aa)
1168 2211 1437 2286 quamcunque
1467 2192 1540 2263 Iam
1583 2195 1825 2268 mortilactae
1855 2219 1940 2296 par·

155 2320 201 2392 tis
232 2314 422 2416 pulmonis
453 2313 657 2412 prolapsae
687 2312 727 2382 in
757 2321 893 2409 peetus
940 2311 1206 2406 receptionem
1250 2305 1531 2406 prohibendam
1568 2322 1609 2390 et
1640 2309 1714 2413 bb)
1743 2337 1767 2387 a
1796 2317 1942 2389 ceteris

152 2437 266 2510 salvis
313 2433 562 2533 separandam
582 2453 693 2516 esse.
727 2427 746 2528 p
784 2427 1131 2526 riq-Antequam
1148 2425 1198 2500 ad
1229 2425 1408 2500 auxilium
1443 2427 1649 2504 lerendum
1680 2432 1939 2529 procedimus,

155 2567 277 2630 status
307 2551 511 2652 prolapstis
543 2554 617 2624 rite
648 2546 901 2644 indagandus,
930 2545 1007 2656 'qui
1038 2545 1193 2640 quidem
1224 2544 1311 2618 solo
1341 2546 1531 2644 adspectu
1577 2547 1752 2622 indolem
1782 2574 1940 2654 corrup·

155 2677 267 2749 tionis
311 2672 628 2772 praeseferens,
659 2665 798 2740 reversi
816 2678 944 2740 autem
975 2667 1010 2738 vi
1032 2663 1243 2774 vitalinon
1274 2665 1440 2763 privatus
1473 2657 1562 2739 esse
1593 2667 1709 2758 solet,
1741 2669 1849 2744 unde
1880 2695 1940 2744 er·

152 2817 220 2867 ror
251 2793 374 2889 gravis
407 2793 499 2863 oriri
529 2799 670 2888 potest.
705 2783 1012 2859 Casus-Plures
1045 2786 1286 2856 resectiones
1319 2781 1542 2881 pulmonum
1572 2786 1940 2886 p1·olapsorum,mi·

150 2935 224 2986 nus
255 2912 495 2984 nesessariae
525 2897 700 2994 luissent,
732 2907 804 2977 nisi
833 2905 1048 3002 ignorantia
1105 2901 1372 2996 chiriugorum
1405 2913 1445 2976 et
1475 2904 1651 2978 sinistrae
1697 2907 1940 2982 circurnstau·
2006 2991 2032 3012 s
2162 2895 2164 2902 ’

155 3035 230 3105 tiae
275 3029 495 3129 prolapsrun
534 3025 755 3124 pulmonem
785 3026 866 3094 a'eri
897 3023 1005 3118 nimis
1036 3019 1103 3092 diu
1133 3031 1389 3117 exponerent.
1424 3020 1445 3118 p
1482 3021 1653 3096 rto-Si
1684 3023 1850 3098 indicata
1879 3047 1939 3108 se·

136 3151 299 3250 ,paratio
331 3148 446 3244 partis
479 3143 701 3244 pulmonum
732 3139 936 3238 prolapsae
968 3141 1091 3210 statim
1126 3135 1299 3232 qualibet
1330 3135 1443 3246 causti
1474 3140 1817 3236 contraindicatur,
1851 3165 1938 3242 pars

151 3268 352 3368 prolapsa,¹
376 3285 428 3336 ne
459 3266 497 3334 in
529 3271 666 3360 pectus
698 3258 903 3346 dilabatur,
936 3278 1025 3328 ruo
1057 3253 1294 3344 circumdari,
1327 3253 1497 3352 pulmoni
1528 3281 1624 3331 vero
1656 3257 1817 3334 linteum
1832 3285 1939 3362 carp·

153 3401 232 3459 tum
263 3384 355 3458 oleo
390 3378 674 3455 terebinthinae
705 3374 901 3470 destillato
932 3375 1116 3464 imbutum
1148 3373 1409 3470 superimponi
1440 3373 1573 3449 debet.
1606 3375 1626 3475 p
1656 3369 1940 3455 161'.-Metho-

151 3505 192 3578 di
222 3503 271 3577 ad
298 3503 583 3600 separationem
613 3495 801 3594 pulmonis
832 3491 1037 3593 prolapstis
1068 3491 1341 3564 instituendam
1371 3503 1471 3566 sunt:
1489 3495 1530 3592 a)
1562 3517 1775 3587 urosruns,
1807 3501 1852 3599 b)
1876 3523 1941 3572 na·

152 3646 288 3700 sacrm
312 3619 544 3722 (abscissio).
565 3618 605 3716 a)
636 3615 901 3687 bremens-a
917 3611 1093 3710 pluribus
1124 3608 1313 3705 chirurgia
1345 3608 1417 3685 bae
1449 3611 1488 3684 in
1518 3635 1564 3686 re
1595 3613 1638 3684 in¹
1666 3615 1845 3690 auxilium
1876 3643 1941 3691 vo·

152 3753 237 3818 cata
267 3751 338 3814 est.
371 3735 553 3836 Exempla
583 3731 937 3830 memorabilia-b)
967 3729 1178 3818 Rasaorro,
1196 3730 1267 3801 iarn
1285 3727 1351 3802 diu
1382 3731 1527 3829 optimo
1559 3754 1645 3804 cum
1675 3753 1859 3808 successu
1876 3737 1941 3810 atl-

150 3861 369 3936 hibebatur.
403 3853 595 3954 Exempla.
627 3852 647 3952 q
686 3847 1045 3926 162.'-Cavendurn
1075 3859 1148 3936 est,
1180 3869 1233 3919 ne
1264 3863 1336 3944 per
1368 3850 1484 3946 partis
1516 3863 1716 3950 corruptas
1732 3857 1940 3952 separatio·

150 4003 241 4054 nem
270 3975 461 4077 pulmonis
493 3972 661 4072 prolapsi
691 3965 984 4062 haemorrhagia
1015 3989 1038 4038 e
1069 3977 1180 4064 parte
1212 3967 1296 4039 eius
1334 3965 1439 4042 salva
1485 3969 1640 4042 oriatur.
1689 3969 1858 4047 Veteres
1888 3975 1940 4048 ad

149 4099 255 4172 hune
288 4118 446 4193 scopum
475 4094 534 4164 usi
565 4100 654 4164 sunt
686 4111 811 4161 ranno
846 4105 1027 4160 cursura
1058 4096 1098 4158 et
1130 4107 1367 4158 rutvsrtmus
1399 4105 1774 4162 nnsrnmosnrrsus.
1807 4091 1940 4166 Exem-

151 4219 225 4319 pla.
258 4215 376 4289 Nobis
408 4223 538 4286 autem
568 4235 590 4282 a
622 4219 732 4306 parte
749 4229 885 4279 eorum
908 4216 1011 4278 stare
1042 4189 1279 4340 praeplaceq
1312 4206 1389 4300 qui,
1420 4216 1625 4302 antequam
1648 4221 1830 4308 corrupta
1852 4235 1940 4310 pro·

148 4337 281 4436 lapstis
313 4355 400 4434 pars
430 4339 646 4416 resecetur,
678 4325 801 4398 lundo
834 4327 916 4396 eius
949 4311 1149 4420 ligaturam
1179 4323 1394 4420 adponere,
1428 4335 1519 4397 tune
1550 4338 1678 4399 autem
1715 4327 1940 4426 pulmonum

148 4467 297 4556 partem
328 4455 381 4526 cis
412 4450 612 4546 ligaturam
642 4447 749 4518 sitam
780 4443 975 4516 dissecare
1005 4441 1151 4515 volunt.
1185 4441 1376 4540 Exempla.
1409 4441 1430 4542 q
1468 4443 1876 4544 raa-Sacmmmm
1907 4471 1939 4522 s.

152 4593 437 4649 cousacursvus
454 4588 643 4642 runuorus
663 4560 1128 4636 euenturum-Sarranus
1159 4561 1299 4660 primus
1332 4563 1414 4634 eius
1446 4565 1486 4634 in
1518 4564 1755 4662 compendiis
1783 4565 1940 4641 Chirur-

141 4669 238 4791 'giae
269 4691 502 4764 mentionem
533 4687 636 4759 lecit.
670 4682 803 4757 Casus.
835 4681 938 4754 Talis
971 4679 1174 4754 dislocatio
1205 4676 1394 4779 pulmonis
1426 4681 1568 4756 multos
1601 4703 1723 4757 annos
1755 4697 1843 4784 post
1862 4686 1939 4760 lae·

148 4817 311 4902 sionem,
344 4809 432 4881 data
462 4801 692 4880 occasionall
724 4825 851 4890 causa,
869 4801 960 4874 oriri
991 4805 1132 4898 potest.
1165 4797 1485 4899 trau-Cous.
1503 4800 1698 4876 Reductio
1731 4805 1770 4875 in
1800 4817 1938 4903 pectus

149 4937 267 5035 partis
298 4925 588 5028 prolapsae,ubi
618 4923 704 5028 lieri
734 4931 876 5022 potest,
909 4941 1067 4990 suessos
1099 4939 1170 5016 per
1201 4915 1399 5016 pulvillum
1430 4941 1454 4991 e
1485 4913 1607 4994 linteo
1630 4933 1765 5020 carpto
1782 4922 1937 5012 laetum,

148 5073 264 5149 -quo
296 5073 318 5121 a
346 5044 521 5142 reliquae
552 5043 776 5152 pulmonum
815 5039 929 5140 partis
961 5037 1145 5136 prolapsu
1175 5037 1652 5136 praecaveatur.-Summa
1682 5045 1856 5140 eorporis
1897 5051 1938 5115 et

149 5171 261 5244 animi
294 5155 655 5266 quies-Vinculum
686 5160 735 5233 ad
767 5161 885 5232 instar
916 5155 1110 5230 bracherii
1141 5177 1212 5254 pro
1245 5155 1382 5229 hernia
1418 5156 1712 5232 umulicutt-Si
1758 5159 1940 5258 prolapsa

150 5289 340 5390 pulmonis
372 5305 459 5385 pars
492 5266 565 5357 tt'un
595 5301 731 5378 magna
761 5280 820 5368 sit,
852 5289 895 5352 ut
927 5297 1167 5376 nequaquam
1198 5273 1236 5348 in
1266 5287 1403 5375 pectus
1435 5274 1584 5366 reduci,
1606 5276 1738 5376 ibique
1754 5299 1934 5354 convexo

1849 5399 1875 5482 3
