4960 6054
1385 399 1447 488 50

591 624 792 718 Annales
824 595 1082 740 Chirurgie
1115 637 1162 715 et
1193 621 1451 714 Anatomice
1492 623 1799 743 pathologicce'
1824 625 2034 742 exempla
2080 623 2310 739 afferunt,

530 783 635 867 quae
667 756 770 842 satis
802 757 991 871 probare
1026 757 1271 864 videntur,
1305 759 1392 840 hoc
1424 763 1557 841 modo
1589 782 1748 870 saepe,
1783 755 2046 842 uulneribus
2071 759 2158 865 jam
2191 782 2310 841 sana·
2459 787 2460 820 t

441 959 445 966 .
532 885 602 991 tis,
635 888 693 968 ad
714 893 900 968 mortem
933 909 1075 992 usque
1109 885 1291 994 glandes
1322 883 1374 967 in
1406 883 1601 996 pectoris
1634 884 1827 966 cavitate
1859 885 2081 993 mansisse,
2098 883 2218 966 nihil
2235 887 2309 970 de·

532 1011 752 1119 trimenti,
775 1009 895 1094 nihil
927 1015 1039 1094 adeo
1074 1004 1340 1094 incomodi”)
1377 1011 1616 1095 vulnerato
1647 1005 1915 1094 adferentes.
1942 1001 2179 1094 Moratum)
2202 1009 2310 1093 mul·

532 1146 597 1226 tos
630 1135 885 1244 hujusmodi
919 1161 1038 1220 casus
1087 1135 1352 1222 observavit.
1401 1126 1663 1241 Hacouaul)
1693 1135 1906 1248 exemplo
1934 1144 2150 1244 testatur,
2192 1137 2312 1248 glan·

530 1267 635 1354 dem
668 1262 835 1348 fistulae
867 1262 1014 1373 pyriae
1061 1262 1307 1378 aliquando
1348 1261 1481 1374 plane
1522 1257 1615 1346 non
1656 1271 1874 1376 repertam
1918 1259 2065 1348 fuisse.
2106 1261 2314 1348 Musam

531 1389 739 1500 glandem
771 1388 821 1471 in
854 1387 1033 1472 sinistro
1067 1388 1294 1494 cujusdam
1313 1388 1522 1496 ‚hominis
1556 1388 1766 1502 pulmone
1800 1389 1994 1496 invenit,
2029 1387 2110 1498 qui
2147 1388 2316 1500 viginti

530 1538 671 1603 annos
703 1526 802 1628 post
834 1515 998 1597 vulnus
1015 1517 1247 1628 acceptum
1280 1515 1397 1598 bona
1432 1515 1815 1601 valetudineusus
1839 1515 2315 1602 erat.D1auananoex

531 1641 793 1728 elMANuET
826 1659 1037 1746 (Bassorum
1062 1661 1255 1750 chirurgica.
1285 1661 1399 1730 Genea.
1436 1681 1541 1748 ¹7²¹·
1570 1661 1610 1727 L.
1639 1663 1781 1728 XVIII.
1811 1685 1843 1750 p.
1866 1659 1958 1746 568)
1989 1651 2183 1750 uterque
2195 1667 2316 1728 men·
2459 1677 2460 1768 p

534 1765 703 1854 tionem
737 1766 912 1852 faciunt
951 1771 1141 1851 duarum
1181 1769 1419 1852 mulierum
1459 1767 1564 1882 ipsis
1596 1769 1889 1880 cognitarum,
1924 1765 2165 1876 inquibus
2197 1769 2318 1878 glan·

529 1895 608 1982 des
639 1894 691 1980 in
723 1903 906 2006 pectore
938 1893 1130 1979 latentes
1160 1900 1218 1979 ad
1251 1921 1565 2005 quemcunque
1589 1896 1785 2010 corporis
1810 1904 1977 1978 motum
2009 1895 2099 1977 huc
2131 1905 2179 1980 et
2202 1895 2317 1977 illuc

529 2043 576 2110 se
594 2022 849 2107 volvebant.
866 2020 1072 2130 Bnossaas
1088 2020 1207 2105 vidit
1224 2022 1274 2106 in
1290 2023 1501 2137 pulmone
1534 2021 1755 2134 glandem,
1778 2049 1901 2134 quae,
1917 2029 2026 2106 ante
2058 2030 2225 2138 septem
2241 2045 2318 2104 au·

531 2169 613 2230 nos
646 2148 762 2232 collo
795 2146 998 2258 immissa,
1029 2148 1260 2260 hucusque
1277 2150 1452 2260 delapsa
1475 2141 1624 2234 erac).

1354 2276 1380 2388 s
1420 2277 1497 2382 a.

1301 2443 1561 2510 erar.

596 2577 675 2667 As
707 2577 905 2691 sequelae
936 2607 1103 2689 omues,
1138 2608 1241 2694 quae
1273 2580 1414 2668 alieni
1431 2579 1627 2696 corporis
1645 2581 2032 2670 commorationem
2050 2581 2099 2666 in
2132 2591 2320 2696 pectore
2459 2619 2460 2636 ³

467 2783 471 2790 .
534 2700 822 2818 comitantur,
855 2734 1016 2822 nempe
1048 2714 1107 2793 ad
1144 2711 1356 2823 pressum,
1389 2709 1705 2818 irritationem,
1746 2738 1897 2821 graves
1941 2708 2320 2794 inflammationes

535 2845 584 2921 et
618 2834 978 2980 suppurationes·
987 2840 1347 2982 antevertendas,
1382 2862 1559 2922 necesse
1594 2848 1675 2944 est,
1709 2848 1761 2920 ut
1793 2838 1992 2922 medicus
2025 2841 2173 2922 sedem
2205 2861 2319 2950 praa·

472 2995 477 3007 ¹
535 2961 695 3047 sentiae
729 2961 824 3070 ejus
857 2960 1062 3076 inprimis
1096 2943 1344 3074 diligenter
1374 2964 1603 3076 exploret,
1636 2961 1855 3049 deinde
1839 2964 1893 3050 ris
1918 2967 1974 3049 ad
1992 2989 2150 3078 corpus
2168 2971 2320 3046 extra·

533 3087 736 3174 handum
762 3087 976 3180 remediis
1008 3097 1178 3195 utatur,
1212 3117 1314 3200 quae
1348 3091 1523 3175 ratione
1556 3091 1732 3199 generis
1779 3085 1973 3210 (leucae)
2027 3090 2226 3198 ejusdem
2270 3095 2320 3171 et

472 3217 475 3226 '
533 3213 859 3325 magnitudinis
906 3214 1059 3296 habita
1075 3277 1091 3322 ,
1140 3215 1190 3298 in
1224 3209 1480 3302 universum
1518 3227 1619 3329 apta
1666 3217 1959 3302 videbuntur.
2008 3215 2158 3304 Hinc·
2182 3211 2320 3300 facile

536 3339 743 3451 quisquis
773 3338 1032 3448 intelligere
1071 3348 1250 3453 potest,
1289 3341 1376 3424 hoc
1416 3343 1648 3452 negotium
1666 3431 1668 3436 ,
1688 3341 1919 3427 interdum
1968 3339 2322 3428 difficultatibus

533 3465 790 3551 obnoxium
841 3461 987 3586 (quod
1028 3491 1145 3579 saepe
1193 3466 1277 3550 vix
1325 3469 1518 3581 exsequi
1575 3464 1764 3584 potest),
1818 3495 1988 3583 semper
2028 3493 2227 3578 magnam
2268 3465 2323 3548 in
2459 3491 2460 3520 ¹

538 3591 751 3702 chirurgo
808 3591 1191 3734 perspicacitatem
1239 3593 1486 3705 requirere.
1535 3593 1729 3708 Oportet
1778 3593 1920 3705 igitur
1941 3595 2097 3678 ‘illum
2145 3617 2324 3702 marro,

539 3743 674 3830 quem
707 3715 911 3801 omnium
942 3728 1188 3834 temporum
1221 3719 1438 3832 chirurgi
1454 3749 1537 3836 pro
1570 3719 1794 3806 verissimo
1812 3725 1927 3807 dirce
1943 3723 2216 3828 habuerunt,
2240 3729 2326 3806 sta·

539 3855 633 3928 tum
665 3842 866 3928 vulneris
898 3842 1110 3954 indagare
1144 3856 1193 3931 et
1227 3855 1314 3929 tam
1331 3849 1553 3970 corporis
1542 3847 1683 3933 alieni
1698 3846 1847 3954 situm,
1879 3857 2080 3931 naturam
2099 3855 2147 3932 et
2179 3871 2323 3958 genus

538 3966 732 4113 (Imma),
766 3997 897 4080 quam
930 3969 1383 4084 impedimentorum,
1416 4001 1551 4086 quae,
1594 3973 1832 4083 quominus
1883 3975 2000 4057 illud
2048 3974 2239 4059 extrahe
2247 3982 2323 4054 tur

538 4097 771 4204 resistunt,
805 4094 1000 4182 rationes
1033 4125 1312 4208 cognoscere.
1359 4095 1446 4220 Sin
1474 4099 1637 4230 vitinus
1670 4111 1914 4196 externum
1949 4109 2035 4183 tam
2083 4108 2323 4210 angustum

539 4231 621 4331 est,
653 4231 708 4306 ut
746 4247 898 4332 neque
946 4221 1114 4333 digitus
1163 4225 1346 4309 imm1tti
1361 4290 1378 4335 ,
1416 4212 1567 4336 neque
1607 4253 1765 4339 corpus
1806 4227 1925 4308 intra
1957 4229 2100 4310 latens
2132 4224 2323 4310 extrahi

535 4349 689 4462 possit,
726 4347 797 4470 (id
829 4352 952 4458 quod
983 4352 1179 4442 maxime
1211 4352 1262 4436 in
1294 4351 1562 4438 vulneribus
1592 4351 1774 4468 punctis
1805 4352 1952 4435 locum
1986 4347 2174 4469 habet),
2207 4357 2326 4465 'opus

539 4481 606 4560 est
638 4473 756 4560 illud
789 4498 1037 4563 ornandae.
1069 4475 1184 4562 Haec
1216 4479 1439 4584 dilatatio,
1471 4479 1669 4588 quamvis
1701 4481 1757 4562 ab
1775 4477 1910 4562 initio
1943 4479 2165 4590 neglecta,
2180 4477 2324 4587 longo

540 4601 676 4686 etiam
712 4612 910 4716 tempore
940 4612 1040 4716 post
1072 4607 1236 4689 viduus
1268 4604 1500 4688 inflictum
1534 4605 1854 4720 praeterlapso,
1886 4604 2135 4691 necessario
2171 4613 2324 4689 umen

540 4723 647 4811 fieri
680 4729 834 4814 debet.
867 4724 1104 4839 Siquidem
1135 4757 1206 4820 res
1235 4731 1449 4846 postulat,
1481 4731 1715 4844 chirurgus
1743 4759 1848 4819 non
1881 4731 2103 4820 abstineat
2119 4757 2144 4817 a
2160 4729 2325 4842 majori

539 4895 593 4981 w)
539 4899 657 4962 w.1.
685 4901 833 4964 Herem
846 4915 1052 4986 1..c..p.91.

517 4998 582 5092 .¹)
608 5002 687 5064 Mon
669 5020 767 5066 narn.
796 4995 992 5086 opusculea
1016 4997 1063 5065 de
1089 4995 1284 5084 Chirmgie.
1311 5010 1366 5078 4⁰.
1399 5019 1502 5086 ¹77²·
1530 4999 1636 5068 Paris.
1662 5002 1747 5066 Pars
1771 5001 1815 5066 11.
1842 5019 1878 5088 p.
1898 5013 1981 5086 247.

539 5099 581 5186 y)
609 5103 778 5167 chnranr
804 5097 895 5167 Bibl.
923 5096 1080 5186 chirurg.
1107 5104 1197 5166 Tcm
1223 5103 1300 5168 v11.
1327 5122 1363 5189 p.
1384 5104 1470 5187 775.

236 5303 245 5326 ι
385 5227 390 5237 ’
541 5201 578 5290 a)
604 5201 683 5270 Vid
711 5203 893 5292 Gotting.
889 5197 1065 5292 gelehrte
1087 5205 1281 5292 Anzeqen.
1314 5209 1419 5293 ³8⁰9·
1445 5205 1520 5274 Fas.
1555 5207 1636 5272 188.
1663 5201 1724 5274 die
1754 5207 1800 5272 25
1825 5208 1919 5274 Nor.
1945 5205 2109 5292 p..rtt76
