4942 6048
889 555 891 560 Ι
1027 427 1141 534 105=

177 674 311 762 dictis
343 673 554 761 remediis
573 656 887 759 'auxiliaribus
921 693 1149 785 (ttae-ros)
1183 679 1240 760 ad
1273 677 1532 789 sanguinem
1564 710 1647 799 per
1677 688 1958 782 tulnusevo.

178 809 368 887 candum
401 829 576 918 sperare
609 801 733 908 licet,
768 811 1099 887 extravasatum
1135 813 1281 890 tamen
1312 835 1407 890 non
1441 809 1954 907 minusnecessariomo·

176 934 375 1016 rendum
420 929 506 1038 est,
540 954 566 1014 e
598 930 789 1013 vulnere
822 932 934 1014 adeo
968 929 1019 1012 in
1059 931 1279 1042 superiori
1311 935 1671 1050 pectoris.parte
1705 945 1954 1058 existente,
2086 1023 2088 1028 ,
2162 971 2165 978 ’
2294 935 2300 942 ’

100 1149 108 1164 .
180 1067 289 1141 tuno
322 1062 503 1157 demum
544 1065 737 1169 praestat
791 1059 848 1140 ad
879 1053 1132 1140 faciendam
1171 1083 1663 1177 cornua-aeunnunaar,
1697 1071 1743 1158 h.
1777 1099 1816 1158 e.
1857 1101 1955 1160 suc.

175 1193 641 1270 montemmaranum
689 1209 841 1268 rcxra
889 1209 1027 1268 aucus
1078 1209 1205 1270 anns
1238 1212 1330 1272 sese
1380 1189 1630 1301 accingere.
1669 1191 1796 1282 Haec
1843 1227 1952 1284 vero

175 1337 272 1396 non
303 1312 437 1396 aliter
468 1303 556 1415 fit,
590 1336 640 1392 ac
691 1309 741 1391 in
791 1311 1142 1421 hydrothorace,
1193 1313 1267 1396 vel
1316 1327 1595 1428 empyemate
1644 1325 1955 1435 paracentesis,

177 1438 378 1551 operatio
420 1435 738 1547 antiquissimis
769 1437 855 1544 jam
892 1435 1194 1551 temporibus,
1244 1447 1332 1522 tam
1380 1447 1501 1555 apud
1551 1447 1775 1559 Graecos,
1824 1480 1956 1562 quam

176 1563 396 1650 Romanos
415 1565 588 1650 usitata.
624 1587 769 1670 (cama.
800 1585 890 1651 Com.
916 1590 952 1649 r‘rr
980 1585 1111 1672 Apbor.
1141 1581 1246 1674 Hipp.
1275 1587 1346 1652 trs.
1376 1589 1409 1654 V
1411 1591 1461 1654 ll.
1489 1591 1527 1655 N
1542 1605 1603 1667 44.
1631 1593 1673 1660 P.
1704 1597 1746 1660 V.
1762 1571 1955 1686 p.5aa.)¹)

244 1690 395 1794 Quum
413 1717 564 1776 verce
582 1689 729 1772 calore
747 1687 1088 1773 extremitatum
1107 1691 1344 1804 redeunte,
1362 1717 1387 1776 e
1423 1695 1615 1802 regulari
1633 1697 1683 1782 in
1704 1700 1886 1810 rhytmo
1907 1715 1955 1792 et

178 1829 380 1931 tempore
410 1819 557 1933 pulsu,
591 1843 617 1900 e
654 1825 850 1928 tempore
866 1823 965 1926 post
998 1814 1236 1898 laesionem
1267 1819 1956 1946 praeterlapso,eremississpas·
2053 1903 2066 1924 ,
2179 1853 2185 1866 ’

175 1945 367 2030 matibus
416 1943 627 2057 suspicari
675 1941 843 2055 possit,
883 1967 1039 2048 magna
1070 1941 1157 2068 jam
1191 1942 1318 2056 sopiri
1351 1955 1680 2033 extravasatum
1716 1956 1954 2076 coagulari,

176 2097 443 2184 grumosque
477 2069 666 2166 formare
701 2067 908 2180 coepisse:
945 2078 1053 2151 tuno
1086 2067 1183 2152 sine
1216 2069 1308 2152 ulla
1340 2097 1460 2156 mora
1494 2073 1759 2191 interposita
1792 2085 1955 2168 statim

174 2203 234 2283 ad
267 2200 383 2283 hanc
417 2196 656 2282 indicatam
691 2202 1112 2306 contra-aperturam
1145 2199 1359 2281 accedere
1393 2201 1618 2290 debemus.
1637 2203 1956 2292 chnsnasnml

176 2325 422 2431 existimat,
456 2323 631 2416 duobus
663 2330 742 2405 aut
777 2319 919 2404 tribus
950 2330 1050 2432 post
1081 2319 1322 2407 laesionem
1334 2319 1515 2411 x'diebus
1549 2331 1738 2439 exactis,
1772 2317 1808 2419 si
1842 2363 1955 2423 eom.

175 2464 414 2535 memorata
446 2456 738 2563 symptomata
770 2473 866 2531 non
899 2457 1162 2555 augeantur,
1196 2461 1323 2536 recte
1355 2454 1566 2539 concludi
1599 2453 1779 2544 firmum
1827 2473 1957 2568 trom-

177 2577 283 2662 bum
317 2577 559 2684 exstitisse,
592 2586 729 2684 atque
765 2583 856 2655 tum
890 2573 1012 2656 omni
1047 2573 1277 2661 ulterioris
1301 2579 1671 2666 extravasationis
1698 2585 1857 2672 timore
1874 2619 1955 2677 ex·

177 2731 315 2814 causo,
348 2710 406 2788 ad
438 2702 698 2813 sanguinem
732 2703 1007 2784 evocandum
1039 2701 1253 2812 progredi
1285 2729 1421 2815 posse.
1456 2703 1670 2792 Ceterum
1703 2713 1785 2824 hac
1821 2713 1869 2798 in
1903 2744 1953 2802 re

175 2833 262 2916 vix
280 2832 512 2942 quisquam
530 2839 655 2911 certo
688 2851 779 2913 sese
814 2825 1108 2938 determinet:
1140 2827 1222 2910 nbi
1255 2854 1416 2942 nempe
1450 2818 1686 2945 chirurgus
1712 2849 1797 2922 tam
1814 2865 1955 2950 genus
2010 2869 2014 2872 ·

176 2959 387 3073 laesionis,
422 2983 551 3066 quam
586 2953 745 3065 aegroti
778 2951 1163 3061 constitutionem,
1180 2949 1182 2956 ’
1200 2963 1293 3040 turn
1326 2957 1676 3046 circumstantias
1708 2963 1759 3047 in
1776 2994 1956 3076 genera·

176 3086 211 3171 li
244 3087 483 3169 vulnerum
515 3093 671 3196 pestus
702 3077 1038 3195 penetrantium
1071 3081 1281 3193 prognosi
1315 3092 1362 3167 et
1395 3084 1445 3167 in
1479 3087 1560 3169 hac
1578 3091 1759 3200 speciali
1782 3096 1840 3178 de
1875 3123 1956 3184 ex·

180 3211 473 3298 travasatione
507 3207 750 3322 expositas,
783 3216 959 3290 attento
994 3205 1140 3288 animo
1174 3209 1431 3321 explorare,
1482 3211 1641 3324 hisque
1674 3243 1800 3303 suum
1855 3248 1957 3308 con·
2017 3245 2021 3252 ’

177 3339 324 3426 silium
356 3335 668 3446 judiciumque
701 3335 909 3445 adaptare
943 3334 1093 3416 debet.
1126 3331 1383 3442 Neglectam
1416 3363 1538 3444 vero,
1572 3339 1741 3453 pariter
1757 3374 1808 3430 ac
1826 3348 1957 3438 nimis

176 3467 312 3575 longe
345 3472 612 3579 protractam
643 3457 966 3573 paracentesin,
999 3467 1124 3541 recte
1158 3459 1412 3571 indicatam,
1430 3491 1547 3578 saepe
1580 3469 1653 3550 vel
1676 3469 1862 3558 lethales
1895 3503 1957 3562 se·

178 3595 330 3704 quelas
363 3587 620 3698 adduxisse,
654 3587 727 3671 vel
748 3587 883 3700 plane
916 3582 1166 3715 frustratam
1200 3583 1350 3694 fuisse,
1382 3592 1468 3673 hoc
1484 3593 1665 3678 annales
1698 3593 1955 3712 Chirurgiae

175 3721 329 3804 multis
379 3716 601 3830 exemplis
632 3717 813 3800 docent.
865 3703 1102 3824 Sponsum)
1142 3711 1261 3796 vidit
1279 3715 1515 3818 saucium
1540 3725 1778 3834 quendam,
1828 3730 1955 3818 carius

177 3843 357 3957 cognati
391 3855 557 3925 contra·
580 3851 804 3955 aperturae
853 3834 1074 3920 faciendae
1106 3837 1389 3946 restitissent,
1422 3842 1611 3952 integris
1660 3847 1956 3945 interioribus

175 3973 378 4088 partibus
395 3981 442 4052 et
476 3965 691 4075 sanguine
725 3988 789 4047 ex
823 3961 1100 4045 intercostali
1134 3964 1299 4048 arteria
1332 3965 1490 4077 effuso,
1524 3980 1658 4054 sexto
1692 3975 1766 4058 die
1791 3994 1956 4066 mortu·

118 4127 122 4134 ·
177 4127 253 4182 um
288 4121 392 4183 esse.
429 4091 573 4180 Simili
607 4092 738 4173 modo
777 4081 1033 4172 bavaros>
1071 4089 1235 4175 vulnus
1268 4097 1540 4205 quandoque
1588 4095 1755 4185 lethale
1788 4101 1955 4193 factum

178 4220 467 4339 experientia
501 4215 874 4328 cognovit„quod
906 4213 991 4299 sibi
1028 4217 1159 4299 talem
1210 4228 1632 4337 contra-aperturam
1681 4223 1829 4314 iacere
1861 4261 1956 4323 non

177 4353 267 4438 nisi
300 4349 464 4463 quinto
496 4345 572 4430 die
605 4351 704 4460 post
737 4365 991 4428 concessum
1027 4353 1136 4430 erat.

767 4519 771 4522 ’
870 4513 873 4521 “
933 4511 939 4547 “
984 4493 1203 4620 §105.'l

119 4790 121 4798 η
238 4684 536 4800 Diaphragma
567 4685 753 4792 aparte
784 4671 1003 4760 anteriori
1036 4698 1228 4792 superna
1257 4677 1318 4766 ad
1348 4676 1559 4792 posticam
1592 4681 1855 4780 inferiorem
1879 4699 1970 4798 dec

178 4865 690 4894 w—-n—-nfl

177 4987 211 5078 1)
251 4991 432 5054 Sassuram.
459 4977 674 5054 Geschichte
701 4975 767 5048 der
791 4971 947 5062 chirurg.
977 4979 1084 5064 Oper.
1112 4997 1141 5042 r.
1170 4995 1202 5042 c.
1231 4977 1305 5044 XX.
1333 4995 1371 5066 p.
1390 4981 1475 5049 ὅθι,

177 5089 636 5179 m)R1cu1aauo.Nosogr.
663 5077 817 5166 chirurg.
845 5099 875 5146 ι.
903 5099 934 5145 c.
962 5097 999 5168 p,
1026 5079 1069 5146 T.
1091 5079 1153 5146 111.
1180 5097 1217 5168 p.
1238 5079 1321 5148 ¹58·

179 5197 220 5283 n)
248 5197 408 5259 Scutrnr.
434 5209 466 5254 1..
495 5205 526 5250 c.
557 5206 592 5272 p.
610 5185 693 5249 διο.
722 5181 797 5249 obs.
811 5183 897 5250 tax.
1068 5189 1074 5202 ·

178 5305 220 5388 o)
249 5299 424 5364 Rastros.
452 5309 482 5356 r..
510 5307 542 5356 c.
562 5307 606 5388 p.
626 5285 823 5354 ado-255.
