4942 6048
1349 383 1448 486 Ιιῖιι

1305 607 1471 722 §14⁶-
1521 587 1524 596 '

582 779 719 882 Quod
731 768 849 864 aeris
864 786 1014 862 autem
1047 782 1185 858 extus
1217 772 1268 856 in
1300 773 1483 886 pleurae
1501 798 1643 860 saccos
1662 771 1848 884 ingressi
1881 773 2187 859 avocationem
2209 778 2300 859 atn-

506 934 608 1020 que
661 909 923 1020 pulmonum
955 900 1141 986 laesione
1173 905 1472 1015 peragendam
1522 910 1569 998 et
1617 901 1814 984 remedia
1863 901 2045 1008 attinet,
2096 929 2200 1013 quae
2249 903 2301 984 in

516 1039 641 1119 hunc
674 1028 814 1124 linem
848 1029 1072 1148 proposita
1106 1039 1226 1135 sunt,
1259 1027 1411 1146 (quale
1462 1049 1776 1136 Ennomon,
1808 1025 2129 1114 Aossumnnnr
2162 1051 2303 1112 oeen-

514 1189 688 1270 conuu,
721 1160 864 1284 qualis
897 1184 1028 1244 assus
1061 1183 1150 1238 eran
1183 1176 1536 1240 ιιιιιιιιιιιιοιιιιιι
1569 1179 1824 1238 oeconomo
1847 1177 1881 1263 (ι
1916 1180 2003 1262 145)
2040 1164 2087 1238 et
2107 1180 2200 1238 ιἰιιι
2218 1181 2301 1238 .-ιιι

517 1314 697 1376 rsuram
745 1310 963 1374 assensu
995 1275 1261 1389 mrosnusffi)
1303 1308 1389 1365 nec
1439 1309 1532 1366 non
1568 1283 1708 1425 “quod
1756 1281 1924 1366 attinet
1968 1281 2306 1391 deligationem,

453 1469 456 1478 .
517 1445 625 1528 quoe
674 1415 787 1500 aeris
822 1441 847 1500 e
880 1421 1065 1528 pectore
1098 1409 1404 1493 avocationem
1454 1409 1580 1520 sequi
1634 1411 1866 1518 debet,-
1881 1407 1992 1494 haec
2032 1409 2181 1494 omnia
2212 1408 2303 1493 alio

519 1545 622 1630 loco
644 1543 779 1628 latius
795 1537 1067 1656 exposituri,
1100 1539 1176 1622 hic
1208 1535 1467 1622 omittimus.

1166 1709 1173 1718 ’
1242 1720 1257 1746 “
1329 1703 1497 1834 §Ju-

1167 1896 1679 1976 illonnrliuannsnro.v

587 2091 766 2176 Praeter
798 2117 865 2202 ea,
897 2117 1005 2200 quae
1037 2089 1254 2174 hactenus
1295 2093 1354 2186 de
1404 2089 1735 2201 emphysemate
1769 2086 2129 2174 consideratione
2163 2087 2311 2200 ‘digna

520 2219 770 2328 attulimus,
802 2216 1143 2332 emphysematis
1175 2241 1358 2340 quoque
1376 2243 1414 2316 ¹a
1448 2243 1517 2300 me
1551 2214 1644 2330 ipso
1678 2220 1900 2325 quondam
1918 2217 2156 2325 observati,
2174 2243 2312 2327 quan·

525 2346 771 2457 doquidem
817 2371 914 2446 non
948 2369 973 2428 e
1007 2344 1197 2428 vulnere
1246 2343 1439 2458 pectoris
1487 2353 1756 2457 penetrante
1802 2352 2047 2451 exortum,
2095 2355 2143 2428 at
2169 2433 2174 2440 ,
2198 2345 2311 2428 vari·

522 2501 570 2560 as
605 2475 701 2557 ob
697 2499 845 2558 causas
879 2471 1009 2576 valde
1042 2471 1329 2554 memorabile
1347 2469 1504 2578 visum,
1522 2471 1849 2554 enarrationem
1865 2471 1943 2554 hic
1968 2471 2164 2558 iniicere
2188 2474 2311 2556 haud
2445 2539 2446 2554 ι

447 2663 452 2672 ·
524 2595 809 2716 superfluum
841 2607 1059 2713 putamus.

526 2725 735 2820 Anno
775 2731 913 2810 rdao⁰
948 2725 1024 2809 die
1056 2721 1185 2811 Iunii
1225 2735 1295 2809 1¹¹¹⁰
1335 2751 1434 2808 cum
1454 2727 1600 2808 adhuc
1619 2723 1897 2811 medicinalis
1914 2727 2053 2809 curiae
2073 2725 2121 2808 in
2140 2727 2313 2809 Guber-

529 2855 612 2941 nio
650 2851 1066 2978 Slobpdo-Ulrraina
1100 2852 1358 2937 constitutae
1391 2853 1639 2934 membrum
1671 2875 1821 2960 essem,
1855 2853 2011 2936 invem
2001 2851 2313 2938 Charkoviae
2445 2833 2446 2850 Ν

532 2982 680 3090 civem
715 2984 955 3090 quendam,
989 2977 1172 3078 nomine
1206 2977 1496 3066 Tnsononon
1533 2977 1814 3087 Srndwsrior,
1848 3006 1997 3066 senem
2031 2969 2130 3094 plus
2180 3007 2315 3088 quam
2445 3077 2446 3092 ἱ

528 3106 877 3219 sexagenarium
910 3105 961 3189 in
994 3105 1262 3214 nosocomio,
1287 3111 1410 3218 quod
1446 3133 1472 3190 a
1505 3107 1762 3216 magistratu
1802 3107 1958 3192 tutelae
1990 3106 2190 3221 publicae
2241 3113 2317 3192 de·
2445 3137 2446 3152 ι

528 3240 756 3352 Ῑιειιιὶεῐιε,ι
786 3244 896 3319 tunc
929 3261 1050 3316 curce
1082 3259 1194 3318 meae
1228 3237 1550 3317 demandatum·
1576 3243 1687 3342 erat,
1721 3233 1800 3343 qui
1834 3241 1935 3318 cum
1971 3234 2138 3344 triiugo
2178 3261 2317 3320 curru
2445 3261 2446 3306 t

469 3459 472 3464 ¹
531 3372 708 3468 onusto,
758 3371 1046 3472 supervectus
1079 3372 1223 3468 esset,
1272 3362 1447 3472 aliquot
1496 3359 1723 3446 heresin
1772 3360 1843 3444 via
1882 3365 2126 3475 prostratus
2176 3359 2319 3446 iacuit

523 3486 673 3574 alieni
721 3485 887 3600 auxilii
923 3511 1122 3600 exspers,
1163 3491 1309 3571 donec
1348 3515 1373 3570 a
1422 3489 1686 3598 quibusdam
1734 3488 2118 3602 praetercuntibus
2159 3489 2318 3574 inven-

474 3669 478 3682 ·
533 3629 604 3704 tus
638 3625 685 3700 et
720 3621 1040 3726 transportatus
1073 3611 1164 3696 luit
1201 3616 1377 3697 domum
1395 3676 1410 3720 ,
1446 3614 1554 3699 inde
1588 3615 1673 3698 iarn
1707 3607 1828 3700 horis
1872 3615 2062 3726 triginta
2090 3641 2175 3700 sex
2202 3617 2319 3728 elap-

529 3744 605 3851 sis,
638 3742 688 3826 in
721 3739 1021 3826 nosocomium
1065 3742 1369 3852 introductus.
1418 3736 1533 3826 Casu
1576 3753 1660 3824 tam
1694 3741 1945 3856 inopinato,
1997 3747 2174 3853 tamque
2228 3743 2322 3828 tris-

538 3871 572 3956 ti
622 3867 851 3982 perculsus
901 3866 1049 3952 statim
1070 3880 1330 3982 postquam
1380 3868 1605 3953 acciderat
1651 3865 1916 3956 Srnowsxor
1966 3869 2086 3954 nihil
2135 3869 2320 3956 sensisse

518 3997 699 4102 siebat,
719 4004 885 4110 praeter
905 3965 1123 4139 fragorem
1143 3995 1415 4106 quendam
1400 4021 1451 4079 ιιι
1485 4001 1654 4081 dextro
1686 4001 1879 4108 pectoris
1911 3998 2053 4081 latere
2072 4007 2119 4081 et
2142 4025 2322 4107 gravem
2445 4087 2446 4098 ἶ

506 4111 738 4210 'dolorem
784 4131 965 4205 acutum
998 4122 1049 4206 in
1083 4128 1253 4208 dextro
1286 4149 1433 4229 crure,
1468 4123 1549 4234 qui
1582 4122 1626 4207 ei
1668 4149 1821 4233 neque
1842 4129 1959 4208 terra
1992 4151 2038 4210 se
2060 4127 2229 4232 levare,
2245 4152 2323 4210 ne·
2445 4099 2446 4132 Ν

530 4276 627 4360 que
662 4249 795 4334 ctiam
830 4249 973 4332 ullum
1005 4253 1251 4334 membrum
1280 4251 1430 4333 'libere
1484 4275 1663 4335 movere
1712 4250 1992 4365 permisisset.
2045 4249 2142 4338 Sex
2192 4253 2327 4340 horas

537 4387 651 4490 post,
686 4378 772 4461 iam
806 4379 984 4460 domum
1020 4377 1208 4486 delatus,
1228 4376 1564 4491 respirationem
1595 4377 1730 4490 paulo
1763 4379 2062 4465 molestiorem
2095 4381 2249 4523 sensit,
2272 4381 2326 4487 si·

430 4615 432 4622 y
535 4503 772 4612 rnulque
759 4531 808 4586 ιιι
840 4503 1035 4616 pectoris
1069 4510 1238 4590 dextro
1271 4505 1413 4588 latere
1446 4507 1505 4589 ad
1537 4515 1754 4590 costarum
1787 4505 2035 4620 spuriarum
2075 4507 2327 4616 regionem,

438 4715 470 4729 ,,
540 4629 623 4716 ubi
656 4630 839 4742 posticae
872 4640 977 4714 sunt
1010 4657 1161 4716 earum
1181 4629 1508 4756 extremitates,
1530 4631 1745 4718 tumorem
1763 4633 2097 4740 animadvertit,
2113 4634 2192 4745 qui
2218 4661 2330 4720 sem-

439 4835 443 4844 .
540 4783 624 4872 per
639 4783 774 4866 magrs
807 4757 1001 4870 pectoris
1034 4759 1248 4845 ambitum
1273 4736 1559 4872 amplectens,
1593 4761 1710 4844 intra
1746 4762 1874 4846 horas
1907 4761 2158 4846 octodecim
2180 4773 2330 4848 totum

543 4884 703 4969 sensim
737 4883 1043 4996 paulatimque
1079 4913 1237 5003 corpus
1270 4889 1528 5000 occupabat.
1563 4881 1733 4974 Faciem
1778 4889 1954 4976 ratione
1988 4889 2223 5006 respiratio
2277 4891 2329 4974 in

542 5217 587 5301 rr)
612 5217 812 5284 taraucam.
842 5237 871 5284 ι.
894 5237 932 5284 c.
963 5217 1020 5299 67.
