4942 6048
967 423 1094 536 *151
1908 503 1971 556 „

157 681 207 796 gi
256 679 478 768 industria
520 681 578 764 de
620 675 796 764 auxilio
848 676 1042 767 ferendo
1087 705 1181 765 non
1232 627 1512 767 destituitur.
1564 680 1869 797 symptomata
1916 703 1945 770 a·

155 810 509 920 strangulatione
548 808 741 922 prolapsi
775 807 1000 922 pulmonis
1031 803 1144 917 orta,
1179 811 1302 890 unde
1336 834 1574 918 gangraena
1625 812 1763 924 partis
1813 813 1950 900 istius

156 940 382 1052 originem
415 935 560 1047 ducit,
593 949 762 1052 praeter
793 933 1062 1049 opinionem
1089 935 1243 1020 minus:
1266 935 1557 1022 vehementia
1587 963 1678 1024 esse
1711 941 1908 1028 solent.a

967 1063 993 1178 S
1032 1064 1135 1149 155.
1272 1137 1277 1148 .

964 1234 1148 1298 cnam

225 1376 349 1479 Quae-
375 1378 433 1458 ad
464 1369 714 1487 prolapsum
747 1370 978 1486 pulmonis
1007 1371 1259 1458 tollendrnn
1290 1371 1445 1458 valen-t
1494 1375 1723 1461 curati'vae
1774 1374 1951 1461 indica

161 1505 321 1611 tiones,
356 1511 481 1587 sune.
1648 1523 1654 1532 ¹

229 1647 286 1720 1⁰.
319 1628 462 1744 partis
489 1626 719 1742 prolapsae,
753 1655 887 1738 quam
919 1627 1155 1714 celerrime
1187 1627 1342 1742 possit,
1378 1627 1607 1741 repositio,

229 1775 295 1874 2⁰¹.¹
322 1785 429 1876 cura
461 1755 782 1841 antevertendi
802 1754 1015 1877 iteratum
1047 1757 1319 1870 prolapsum.

870 1985 875 1992 .
963 1921 990 2036 S
1029 1923 1139 2008 ass.

100 2193 104 2198 .
222 2091 390 2177 Primae
424 2088 608 2202 quidem
641 2089 796 2172 fraruni
828 2086 1167 2173 indicationuan
1195 2099 1302 2174 tunc
1336 2085 1553 2186 satisfieri
1577 2074 1962 2203 potest·,quandc·.

158 2221 289 2307 lobus
320 2218 544 2336 pulmonis
576 2219 803 2332 prolapsus
835 2215 1101 2300 intemerata
1150 2215 1297 2301 adhuc
1341 2217 1532 2303 sanitate
1582 2216 1766 2304 fruitur.
1814 2218 1950 2304 Tunc·

160 2343 434 2437 solummodo
465 2373 549 2459 pro
584 2343 830 2457 explorato
860 2345 1086 2450 habemus,
1120 2340 1235 2452 fore,
1268 2355 1320 2444 ut
1353 2347 1465 2430 haec
1499 2371 1681 2456 quoque
1724 2345 1949 2460 particula

161 2478 213 2564 in
245 2476 482 2562 castitatem
513 2471 708 2588 pectoris
741 2475 943 2576 reducta,
960 2471 1029 2554 ibi
1061 2499 1091 2553 a
1101 2471 1314 2584 pulmone
1331 2483 1686 2586 nonseparctur,
1703 2476 1780 2557 sed
1795 2473 1954 2586 potius

162 2633 323 2718 munus
339 2602 425 2719 ipsi
443 2597 705 2685 innaturali
730 2596 1036 2712 respirationis
1069 2594 1305 2684 functione
1339 2598 1604 2708 assignatum
1626 2597 1849 2712 perficiat.
1872 2603 1952 2686 De·

162 2746 290 2852 parte
308 2740 456 2818 autem
475 2751 760 2840 gangraenosa
785 2721 916 2832 facta,
935 2749 1028 2807 sam
1047 2725 1119 2807 vel
1152 2723 1332 2808 utili-ter
1349 2724 1398 2810 in
1426 2725 1656 2808 thoracem,
1676 2729 1942 2834 reducendi,

154 2852 240 2947 uel.
286 2857 426 2948 etiam
471 2884 555 2942 suo,
601 2855 709 2938 loco.
749 2841 952 2935 relictam
1002 2849 1240 2935 innoxiam
1289 2861 1459 2962 aegroto
1508 2835 1750 2962 reddendi,
1799 2857 1952 2940 omnis·

138 3059 144 3070 .
164 3015 260 3106 spes
284 2983 538 3072 abiicienda
573 2977 911 3068 est-Primum
930 2987 1083 3062 autem«
1099 2987 1327 3065 tentamen
1343 2981 1556 3094 prolapsae
1571 2974 1795 3094 pulmonis
1810 2983 1955 3097 parti-

163 3119 278 3202 culae
313 3113 588 3231 reponendae
606 3106 664 3191 fit
678 3109 946 3221 plerumque
963 3131 1061 3190 rau
1075 3133 1256 3213 nrcrros,
1274 3110 1596 3214 eodemmodo,
1612 3135 1663 3192 ac
1699 3107 1735 3194 si
1747 3109 1952 3216 omenti,

163 3245 256 3332 sive
290 3237 486 3330 intestni
512 3261 612 3352 pars
645 3235 855 3350 prolapsa,
879 3231 945 3318 est'
980 3230 1078 3347 (per
1109 3228 1284 3352 Taxin)
1322 3234 1489 3320 leuiter
1522 3260 1623 3320 eam
1667 3239 1950 3354 quandoque

163 3374 464 3488 reprimendo.
501 3365 639 3467 Quod
671 3362 711 3450 si
740 3367 796 3446 ad
829 3360 1008 3444 irritum
1043 3365 1187 3467 cadat,
1221 3361 1276 3446 in
1304 3360 1541 3446 aarxilium·
1563 3374 1750 3447 uocatur
1781 3390 1982 3449 sancus

153 3529 264 3590 uum
288 3493 689 3602 canosumabsrpue
721 3489 816 3573 ulla
841 3501 1003 3574 tamen
1031 3487 1082 3572 vi
1109 3487 1434 3596 adhibendum,
1468 3490 1637 3604 quippe
1670 3518 1774 3600 quae
1807 3493 1966 3583 molle·

161 3626 386 3743 pulmonis
418 3620 721 3738 perenchyma
762 3615 894 3702 facilc
929 3617 1090 3701 laedat.
1107 3613 1306 3700 -Huic
1339 3617 1603 3730 repositioni
1638 3617 1672 3704 si
1706 3629 1941 3728 augustum

86 3813 92 3830 .
162 3754 365 3842 vulneris
399 3752 449 3836 in
497 3745 692 3864 pectoris
726 3743 985 3856 parietibus·
1008 3737 1237 3827 orificium
1271 3743 1435 3850 obstet,
1468 3771 1579 3858 opus
1611 3746 1841 3840 interdum
1876 3755 1941 3830 est
2013 3813 2017 3818 .

163 3881 469 3967 conveniente
519 3897 839 3958 procreamus.
888 3867 977 3952 Illa
1024 3869 1209 3979 quidam
1258 3875 1398 3954 modo
1423 3870 1481 3954 fit
1516 3899 1601 3984 ope
1636 3873 1778 3956 cultri.
1813 3873 1939 3986 apice

165 4011 325 4094 obtuso
374 4001 603 4106 instructi,
638 4002 786 4083 'modo
821 3996 955 4082 ctiam
1006 3997 1149 4080 cultri
1193 3997 1446 4110 chirurgici·
1493 4023 1597 4084 usus
1640 3999 1940 4106 solemnioris3

162 4133 385 4256 principia
418 4141 568 4216 autem
601 4129 645 4212 dr
679 4126 847 4236 regulae
887 4124 1168 4210 cautelarum.
1195 4145 1231 4232 (ς
1260 4146 1338 4233 ps.)
1373 4127 1613 4238 exposita,
1637 4127 1692 4210 in
1721 4127 1806 4210 hoo
1840 4154 1942 4217 casu

165 4289 346 4376 quoque
380 4258 653 4374 oliservanda
686 4265 803 4340 sunt.
836 4251 1019 4338 Interea
1054 4279 1268 4336 venusius
1284 4267 1519 4338 ornara'rro
1536 4281 1631 4338 non
1648 4252 1820 4338 suflicit
1836 4279 1948 4340 sem·

162 4420 245 4508 per
276 4389 334 4475 ad
367 4388 508 4472 finem
540 4393 646 4467 ante
695 4381 975 4496 propositum
1008 4379 1333 4468 obtinendum..
1362 4379 1464 4466 Hoc
1503 4385 1776 4467 demonstrat
1808 4381 1940 4466 valde

163 4510 461 4604 memorabilis
509 4511 587 4597 illa
636 4508 902 4615 observatio,
952 4534 1092 4618 quam.
1132 4509 1328 4594 Dorcas.
1358 4529 1526 4618 (numia.
1543 4533 1803 4596 commentores.
1832 4531 1895 4596 aar
1909 4531 1940 4596 t.

130 4655 292 4738 'Deraso
322 4687 353 4732 α.
381 4666 500 4733 sarna.
522 4661 645 4747 1787.)
681 4667 704 4724 a
740 4635 976 4724 Macco-
992 4643 1242 4743 mutuatus,
1258 4635 1346 4725 suis
1362 4633 1704 4721 medicinalibus
1722 4662 1804 4748 pro
1821 4661 1947 4720 anno

170 4775 288 4877 1786
325 4767 653 4868 commentariis
686 4764 892 4852 inseruit.
923 4761 1168 4848 Pulmonis.
1189 4785 1351 4876 nempe
1373 4788 1653 4876 permagnam
1669 4775 1840 4876 partem
1857 4787 1940 4875 per

164 4903 328 4984 vulnus
362 4897 410 4981 in
444 4895 628 4981 sinistro
656 4893 860 5010 pectoris·
883 4894 1036 4975 latere.
1057 4891 1341 5014 ad‘medium
1377 4889 1498 4974 inter
1532 4919 1579 4976 os
1612 4879 1974 5002 sternietdor0‘

164 5028 199 5114 si
234 5025 403 5141 spinam
453 5024 592 5138 supra'
623 5032 781 5108 costam
817 5019 1039 5105 decimam.
1067 5018 1259 5126 illatum,
1289 5019 1532 5132 prolapsam
1568 5017 1711 5104 &ibi
1746 5015 1949 5101 incarce··
2001 5011 2006 5022 ⁴

164 5167 301 5240 ratam
336 5152 521 5238 haesisse
555 5149 736 5256 accidit,
770 5173 978 5237 vacunam
1012 5172 1166 5230 auran
1200 5171 1433 5232 nataturo
1466 5172 1746 5256 nequaquam
1769 5147 1949 5260 prolap-

126 5311 263 5386 ,suan
291 5282 418 5368 illum
452 5278 611 5401 reponi
643 5276 855 5395 potuisse,
873 5269 1287 5362 sedinflamrnatum
1315 5275 1481 5385 lotum,
1499 5300 1745 5396 gangpaeua
1766 5301 1950 5390 correp·
