4942 6048
1391 419 1452 504 90

519 619 699 734 pur'atio
732 619 944 712 nimirum
994 624 1038 710 dr
1085 619 1277 735 phthisis
1323 623 1600 738 pulmonum,
1640 623 1844 736 inprimis
1892 627 2023 714 nobis
2073 625 2323 734 timendae,-

521 745 664 834 serius
697 753 830 833 modo
863 772 956 833 sese
990 761 1227 859 exserunt,
1260 777 1415 864 parum
1448 753 1685 834 admodum
1719 753 1936 842 novimus.
1962 755 2064 840 Non
2080 777 2322 864 nunqnam

517 873 698 984 sanguis
713 879 1020 962 extmvasatus
1037 875 1116 969 din
1139 903 1232 960 non
1248 877 1468 989 putrescit
1483 873 1527 994 *J
1544 889 1593 962 et
1607 881 1865 990 suppuratio
1883 909 2012 999 saepe
2041 883 2186 966 multo
2216 887 2321 994 post

521 1001 674 1088 salutis
720 999 872 1088 fictam
906 1003 1293 1117 recuperationem
1325 1003 1539 1088 succedit.
1573 1001 1952 1116 Ριοιιιιωφιιωηι.
1964 1031 2054 1096 tor.
2068 1029 2136 1096 W.
2155 1047 2230 1116 cap.
2252 1023 2319 1112 ιι)

522 1137 677 1214 narrat
712 1135 935 1238 quendam
968 1128 1120 1240 gladio
1150 1131 1393 1216 sauciatum
1426 1141 1610 1244 pectore
1647 1130 1884 1278 transfixo,
1926 1134 2068 1220 nullis
2100 1129 2324 1276 graviori·

523 1257 607 1340 bus
625 1256 994 1368 symptomatibus
1018 1257 1304 1342 exstantibus
1335 1260 1596 1342 adsalutem
1630 1259 1780 1344 redire
1812 1261 1952 1346 visum
1986 1285 2078 1348 esse
2111 1268 2162 1344 et
2196 1259 2322 1342 circa

439 1456 441 1467 .
522 1382 643 1466 diem
675 1391 776 1496 post
814 1382 1053 1468 laesionem
1089 1384 1470 1494 quadragesimum
1489 1388 1667 1469 demum
1694 1383 1871 1494 labrire,
1896 1387 2233 1497 difficilemque
2252 1411 2321 1470 re·

522 1507 810 1632 spirationem
829 1509 1091 1623 incoepisse,
1110 1511 1253 1595 tribus
1282 1522 1431 1596 autem
1465 1511 1625 1598 diebus
1658 1513 1814 1628 elapsis
1829 1527 1928 1629 post
1961 1513 2174 1626 congium
2191 1509 2325 1629 puris

522 1663 608 1750 per
639 1661 687 1724 os
728 1635 899 1752 ejicisse
933 1647 982 1725 et
1017 1647 1126 1723 tunc
1162 1641 1342 1728 tandem
1375 1665 1482 1726 vere
1515 1641 1772 1728 restitutum
1804 1638 1957 1734 fusse.

1349 1852 1376 1966 g
1410 1855 1484 1938 aa.

1104 2017 1401 2123 Ριοοιιοιιο
1438 2033 1718 2086 ιιιοιιιιι.

592 2189 832 2304 Sanguinis
865 2189 1165 2278 extravasatio
1197 2191 1260 2275 im
1281 2215 1477 2278 srnrsrna
1525 2191 1719 2305 pectoris
1768 2191 1959 2278 cavitate
2013 2189 2326 2308 periculosior

464 2355 467 2372 ·
523 2329 605 2428 est,
639 2347 769 2432 quam
819 2335 922 2430 quae
956 2319 1006 2402 in
1038 2319 1212 2404 dextra
1251 2317 1431 2404 accidit.
1465 2317 1650 2406 Etenim
1694 2329 1802 2404 tunc
1851 2330 2185 2406 extravasatum
2220 2345 2323 2402 non

521 2447 669 2531 minus
686 2447 960 2553 mechanico,
994 2473 1125 2559 quarn
1151 2443 1698 2590 chemicobiodynamieo
1732 2457 1936 2560 respectu
1969 2445 2286 2532 immediate
2270 2472 2326 2529 ιιι

523 2599 763 2684 organum
773 2574 973 2658 centrale
1002 2571 1234 2700 sanguinis
1267 2572 1575 2658 circulatiouis
1607 2571 1697 2655 vim
1746 2599 1866 2658 suam
1915 2581 2122 2660 exercet.
2177 2571 2326 2676 Quod

523 2701 561 2786 si
594 2712 740 2786 antem
776 2727 1024 2810 emenone
1058 2723 1266 2788 rauroms
1299 2685 1566 2786 osvrrsrrno
1599 2697 1800 2808 adiiciat,
1830 2699 2102 2814 periculum,
2137 2709 2192 2784 ut
2235 2727 2328 2814 per

524 2853 571 2914 se
602 2823 900 2936 manifestum,
932 2825 1070 2936 majus
1104 2825 1283 2933 existit,
1317 2854 1450 2939 quam
1482 2851 1572 2910 una
1605 2829 1737 2936 modo
1771 2827 1926 2910 harum
1960 2825 2227 2912 immediate
2264 2827 2327 2912 la·

519 2951 1013 3066 borentot-Sanguine
1031 2981 1057 3040 e
1073 2953 1184 3040 vasis
1216 2953 1456 3062 majoribus
1473 2949 1694 3038 effluente
1711 2951 1960 3066 periculum
1978 2951 2160 3064 gravius
2176 2951 2331 3037 immi·
2439 3059 2440 3062 Ν

519 3092 620 3188 net,
652 3106 783 3194 quam
817 3081 853 3166 ei
886 3105 990 3164 ross
1022 3079 1073 3164 in
1105 3081 1355 3166 minoribus
1387 3081 1539 3165 saltem
1557 3081 1706 3165 lateat.
1741 3077 2029 3195 Quapropter
2062 3085 2330 3166 secundum
2438 3143 2439 3170 ι

518 3233 683 3294 rorans
714 3205 1103 3317 extravaeationis,
1136 3235 1232 3292 eam
1263 3207 1629 3322 periculosiorem
1678 3207 1903 3315 habemus,
1953 3233 2070 3316 quae
2123 3233 2151 3292 e
2203 3207 2334 3294 vasis
2437 3209 2438 3236 ¹

478 3433 484 3447 ⁴
519 3335 867 3451 pulmonalibus,
900 3360 1032 3443 quam
1065 3362 1170 3446 qnae
1197 3361 1261 3421 ex
1278 3333 1442 3419 arteria
1461 3332 1737 3416 intercostali
1757 3333 2009 3442 descendit,
2026 3333 2176 3444 idque
2199 3335 2329 3418 hane

520 3465 578 3548 ab
612 3489 797 3571 causam,
814 3459 920 3571 quia
935 3461 1194 3576 posterioris
1210 3455 1403 3574 generis
1423 3485 1616 3544 ammon
1648 3459 1873 3572 procedit,
1903 3486 1954 3542 ac
1979 3459 2200 3572 chirurgo
2219 3462 2330 3578 plus

524 3590 733 3704 temporis
764 3593 823 3674 ad
853 3588 1149 3674 neceesarium
1182 3587 1408 3672 auxilium
1441 3613 1576 3670 manu
1608 3585 1915 3670 adhibendum
1948 3588 2188 3674 concedit.
2214 3587 2332 3674 Hoc

519 3725 669 3832 autem
703 3714 880 3802 auxilio
901 3725 1008 3822 tum,
1026 3743 1130 3826 quae
1148 3720 1274 3802 adest
1290 3715 1392 3822 jam,
1409 3711 1747 3822 haemorrhagiae
1765 3711 1988 3820 resistere,
2003 3725 2145 3824 atque
2170 3713 2329 3802 finem

520 3843 871 3959 imponere,tum
888 3867 1000 3950 eam,
1018 3869 1133 3952 quae
1149 3840 1449 3956 probabiliter
1465 3839 1705 3924 immninet
1722 3848 1924 3924 avertere
1945 3841 2332 3956 tempestivepos·

519 3968 995 4058 humber-Secundum
1013 3969 1232 4055 diversam
1265 3978 1412 4054 autem
1445 3990 1595 4052 amma
1628 3965 1757 4050 simul
1791 3989 1890 4047 cum
1925 3962 1964 4051 1
1999 3964 2197 4050 ΒιιιιιιοΙΙΙ
2178 3963 2213 4036 )
2240 3997 2332 4053 ex

521 4085 857 4186 travasationem
890 4095 941 4180 in
974 4095 1322 4240 diaphragmate,
1355 4118 1419 4178 ex
1452 4095 1607 4176 eadem
1641 4117 1783 4202 causa,
1813 4118 1919 4205 pro
1916 4091 2085 4178 minue
2134 4095 2333 4210 pericu-

517 4225 608 4312 losa
641 4225 868 4332 habemus,
902 4249 1035 4364 quam
1067 4223 1265 4332 quaein
1297 4218 1586 4336 pulmonibus
1620 4219 1744 4303 latet.

582 4349 764 4442 Vicinis
796 4349 974 4462 organis
1006 4348 1192 4436 simul'
1177 4375 1228 4434 ru
1262 4371 1523 4433 consensum
1572 4330 1806 4458 οιὶιιιοιίι,
1848 4355 1987 4454 atque
2029 4351 2333 4462 spasmodieo

518 4481 819 4590 strangulatu,
830 4505 881 4562 ao
915 4475 1088 4563 vomitu
1121 4488 1303 4584 exorto,
1335 4471 1588 4590 periculum
1621 4470 1748 4556 hoc'
1734 4469 1937 4583 rnprimis
1954 4475 2174 4586 augeturj
2191 4487 2333 4592 quod

518 4607 696 4715 sanguis
728 4603 1031 4690 accumulatus
1065 4629 1164 4690 cum
1198 4629 1353 4714 magna
1386 4602 1431 4686 vi
1465 4624 1549 4714 per
1581 4609 1628 4684 os
1661 4601 1977 4710 rumpere5vel
1992 4628 2023 4704 ⁸e
2041 4603 2209 4692 lateris
2229 4633 2334 4694 sau·

517 4731 625 4818 ciati
676 4730 910 4820 branchiis
955 4731 1006 4816 iu
1040 4731 1280 4816 bronchias
1309 4729 1495 4814 alterius
1529 4723 1710 4810 eilundi
1744 4734 1792 4808 et
1824 4737 2012 4812 mortem
2048 4727 2338 4824 suffocatio·

448 4915 451 4926 =
514 4887 576 4950 ne
610 4861 862 4948 accelerare
894 4858 1048 4975 possit.
1080 4858 1149 4942 Ne
1182 4869 1332 4944 autem
1364 4849 1593 4970 superflua
1634 4854 1886 4967 repetendo
1934 4856 2157 4962 molestus
2193 4861 2340 4974 ham,

386 5166 390 5174 ,
514 5109 551 5195 *)
579 5105 787 5194 Hujusmodi
814 5101 1028 5196 exempbun
1048 5101 1133 5174 vide
1159 5102 1258 5194 apud
1281 5106 1441 5170 Ριοιιιιιι
1470 5099 1496 5168 t
1523 5119 1554 5166 c.
1580 5119 1616 5188 p.
1632 5097 1719 5176 546.

513 5207 1016 5300 mhhmbcpwn
