4942 6048
1376 453 1468 518 110
1544 446 1545 456 ’

533 698 642 758 num
675 665 890 782 optimum
924 687 1016 750 esse
1048 657 1269 771 judicant3
1303 661 1383 746 sed
1414 655 1720 745 semisedcntis
1751 649 2062 772 preferendus
2098 669 2186 767 est,
2216 685 2319 769 quo

534 824 696 912 nempe
735 802 929 904 {egrotus
960 791 1089 874 velut
1122 789 1172 872 in
1202 787 1399 871 naturali
1432 785 1656 900 positione
1690 794 1890 872 erectum
1922 795 2093 899 pectus,
2118 787 2321 872 antium·

534 925 638 1012 chia
671 947 821 1009 versus
855 921 972 1004 illud
988 921 1172 1002 reducta
1191 925 1239 999 et
1272 915 1465 1030 scapulas
1501 904 1552 997 in
1584 914 1675 999 situ
1706 912 1898 998 normali
1930 917 1988 1000 ad
2020 924 2234 1000 nctrtrmn
2255 915 2320 998 la·

537 1062 608 1138 tus
640 1056 847 1137 reductas
879 1047 1030 1131 habet.
1061 1038 1189 1129 Ante
1221 1040 1528 1157 operationem
1543 1051 1694 1127 autem
1726 1035 2068 1155 suscipiendam,
2100 1067 2134 1128 ss
2166 1067 2318 1128 suana

534 1205 677 1266 sonsa
710 1197 1134 1278 ccamamnreamo,
1157 1167 1382 1283 profunde
1414 1166 1538 1284 prius
1555 1167 1773 1284 inspirare
1791 1178 2016 1276 monetur,
2040 1194 2132 1280 quo
2164 1168 2320 1280 liquor

534 1308 596 1392 ob
635 1305 843 1415 majorem
892 1301 1153 1416 pulmonum
1189 1296 1519 1384 extensionem
1567 1294 1702 1409 magis
1732 1297 1792 1382 ad
1823 1321 1979 1384 eorum
2029 1291 2317 1412 superficiem

377 1463 381 1470 ·
536 1433 748 1550 pellatur,
780 1453 928 1540 eoque
959 1424 1137 1510 facilior
1170 1424 1330 1510 evadat
1360 1421 1535 1512 incisio.

1346 1589 1373 1706 S
1410 1617 1512 1700 1⁰9·

585 1762 695 1848 Post
709 1762 808 1846 haec
826 1757 990 1874 incipit
1007 1755 1224 1872 operatio.
1240 1751 1507 1868 Chirurgus,
1523 1753 1727 1842 ministro
1743 1758 1939 1866 adjutus,
1954 1779 2020 1840 ex
2036 1755 2318 1870 integumen-

540 1891 596 1978 tis
613 1899 660 1977 et
675 1888 885 1974 latissimo
918 1884 1037 1970 dorsi
1069 1883 1269 1970 musculo
1304 1883 1531 1998 componit
1563 1911 1693 1998 supra
1725 1894 1862 1970 costas
1892 1893 1943 1967 et
1975 1886 2208 1970 cumlinea
2226 1913 2321 1971 cor·

537 2018 659 2134 poris
692 2013 881 2128 centrali
899 2011 1167 2128 parallelum,
1185 2012 1234 2094 in
1251 2010 1435 2120 longum
1451 2011 1946 2126 procedentem-plicam
1969 2014 2318 2120 transversalcm,

538 2157 677 2256 atque
710 2145 827 2226 hanc
859 2167 944 2253 ope
978 2138 1177 2253 scalpelli
1209 2166 1234 2222 a
1265 2137 1433 2253 postica
1466 2139 1741 2223 anteriorem
1772 2163 1924 2226 versus
1972 2152 2178 2252 partem,
2227 2161 2320 2224 nna

539 2269 762 2358 incisione
794 2267 1027 2354 dissectam
1059 2269 1117 2350 ad
1143 2275 1247 2375 tres,
1263 2265 1337 2350 vel
1353 2275 1564 2378 quatuor
1595 2265 1808 2379 producit
1847 2266 2047 2382 pollices.
2066 2267 2115 2358 si
2133 2275 2319 2384 propter

539 2397 819 2504 obesitatem,
851 2394 926 2480 vel
957 2419 1163 2504 magnum
1197 2391 1394 2506 corporis
1427 2394 1712 2508 emphysema
1744 2419 1835 2478 una
1887 2392 2048 2482 incisio
2089 2423 2183 2480 non
2232 2389 2320 2480 suf·

539 2521 659 2630 ficit,
690 2523 836 2638 primo
869 2531 1018 2606 cutem
1051 2529 1099 2604 et
1130 2519 1329 2634 adipem,
1354 2527 1508 2634 postea
1545 2544 1654 2604 vero
1686 2519 1933 2606 mirsculum
1966 2522 2184 2610 dissecare
2207 2545 2320 2635 opus

539 2661 620 2737 est.
653 2648 800 2737 Costis
847 2673 1090 2759 earumque
1139 2645 1397 2731 interstitiis
1444 2671 1527 2760 per
1557 2646 1635 2731 has
1682 2648 2017 2762 praeparatoriae
2057 2651 2320 2769 enchertses

541 2777 739 2888 nudatis,
773 2775 949 2860 accedit
995 2775 1230 2883 chirurgus
1262 2777 1322 2856 ad
1353 2772 1577 2888 propriam
1624 2773 1820 2888 pectoris
1868 2786 2137 2890 aperturam,
2185 2799 2320 2886 quam

541 2929 597 2992 eo
630 2903 716 3000 sibi
764 2900 1013 2991 faciliorem
1045 2881 1215 3009 reddit,
1249 2902 1373 3012 quod
1421 2911 1638 3010 aegrotum
1686 2927 1877 3015 pronum
1916 2904 2221 3019 paulatimque
2253 2901 2322 2986 in·

539 3029 760 3118 clinatum
776 3055 942 3116 uersus
975 3027 1247 3144 oppositrun⁸
1261 3027 1375 3111 latus
1407 3052 1454 3112 se
1501 3035 1658 3114 tenere
1691 3027 1822 3114 iubet
1833 3021 1873 3138 ¹),
1913 3030 2165 3150 hoc,modo
2198 3029 2324 3114 enim

539 3156 676 3244 latius
707 3154 766 3242 fit
799 3165 1018 3243 costarum
1051 3154 1348 3240 interstitium
1381 3163 1429 3238 et
1462 3153 1650 3238 musculi
1699 3153 2008 3244 intercostales
2056 3159 2322 3244 extendun-

546 3294 633 3372 tur.
669 3281 756 3371 Siu'
785 3287 1003 3369 dextnrm
1036 3284 1152 3367 latus
1185 3281 1546 3366 extravasatione
1579 3279 1805 3367 adfectum
1839 3285 1912 3394 sit,
1949 3285 2185 3396 chirurgus
2210 3309 2326 3370 sum·

544 3421 593 3495 to
616 3437 751 3492 manu
768 3412 935 3494 dextra
956 3408 1181 3522 scalpello,
1197 3407 1435 3520 digitoque
1452 3407 1622 3517 indice,
1654 3437 1736 3524 pro
1769 3417 2047 3498 conductore
2083 3421 2218 3522 tergo·
2226 3411 2324 3520 ejus

546 3536 768 3654 imposito,
800 3533 1011 3620 obfirmat
1043 3536 1192 3618 locum
1224 3535 1517 3651 aperiendum
1549 3536 1694 3622 altero
1709 3561 1864 3624 manus
1881 3538 2076 3626 sinistras
2094 3539 2240 3651 digito
2257 3538 2326 3622 in·

542 3663 648 3750 dice
680 3689 779 3746 non
810 3662 930 3746 nihil
959 3663 1226 3779 protrahens
1259 3687 1455 3772 unguem
1488 3661 1730 3772 inversum,
1766 3675 1860 3750 tum
1892 3670 2071 3753 demum
2087 3693 2156 3778 ea,
2189 3691 2327 3778 quam

468 3779 475 3788 ⁸
545 3791 571 3906 S
606 3796 681 3900 98,
720 3817 762 3897 2,
796 3789 1083 3904 exposuimus
1117 3789 1326 3874 cautione
1360 3789 1580 3900 adhibita,
1611 3791 1745 3875 iuxta
1785 3789 2108 3904 quorundamm)
2149 3791 2326 3909 opinio·

543 3945 647 4004 nem
697 3916 897 4004 dissecat
933 3909 1166 4013 musculos
1205 3917 1530 4031 pleuramque,
1588 3919 1800 4032 paralleli
1850 3949 1950 4007 cum
2000 3921 2131 4008 costis
2180 3919 2325 4006 direc-

547 4045 690 4152 tione,
740 4044 1080 4154 diligenterque
1113 4053 1272 4153 curat,
1320 4069 1382 4128 ne
1433 4043 1782 4130 instrumentum
1813 4047 1866 4131 in
1899 4060 2056 4162 pectus
2095 4055 2321 4162 penetret.

545 4171 647 4257 Hoc
679 4175 834 4280 modo,
868 4198 958 4282 quo
974 4195 1138 4284 nempe
1162 4168 1573 4280 integumentorum
1605 4173 1770 4260 vulnus
1802 4181 2047 4260 secundum
2081 4173 2326 4286 longitudi-

545 4323 664 4407 nem,
682 4299 981 4382 musculorum
998 4323 1106 4382 vcro
1127 4295 1482 4383 intercostalium
1498 4324 1581 4412 per
1601 4308 1894 4386 transversum
1907 4330 2003 4391 sese
2022 4303 2197 4416 dirigit,
2214 4299 2325 4385 utri·

548 4450 689 4534 usque
734 4425 851 4508 labia
899 4427 1123 4536 obtegunt
1171 4424 1325 4510 rimam
1359 4434 1407 4508 et
1438 4436 1596 4515 arcent
1627 4455 1653 4512 a
1685 4431 1880 4543 pectoris
1934 4431 2126 4517 cavitate
2174 4433 2325 4514 adrem

544 4561 804 4640 externum.
829 4551 1010 4656 Ultimo
1042 4551 1142 4637 loco
1174 4554 1262 4636 hoc
1309 4547 1536 4662 attingere
1583 4579 1678 4640 non
1708 4561 2076 4671 praetermittam,
2107 4555 2190 4642 arbi
2222 4582 2327 4640 con·

547 4687 838 4792 tra-apertura
871 4677 921 4764 in
953 4680 1096 4764 latere
1112 4679 1306 4794 pectoris
1339 4677 1519 4766 sinistro
1552 4681 1838 4797 urscipienda
1873 4697 1956 4795 est,
1990 4690 2163 4772 easdem
2196 4707 2326 4794 regu·

358 4898 365 4912 ‚
543 4805 607 4892 las
639 4806 959 4921 praescribere,
974 4833 1151 4890 manum
1185 4807 1405 4892 sinistram
1438 4808 1671 4917 adhibere,
1705 4813 1898 4898 dextrae
1931 4823 2078 4898 autem
2097 4811 2243 4922 digito
2259 4809 2327 4892 in·
2463 4895 2464 4920 Ν

468 4929 475 4942 ’
541 4933 649 5020 dice
680 4960 762 5048 pro
796 4937 1073 5064 conductore
1105 4933 1190 5022 uti.
1222 4934 1347 5036 Hinc
1378 4933 1573 5054 perspici
1603 4947 1766 5054 potest,
1798 4965 1893 5034 nou
1911 4941 2023 5030 -sine
2054 4966 2182 5030 causa
2216 4935 2326 5024 clim
2463 4937 2464 4940 ‘

562 5175 594 5266 l)
622 5181 677 5248 en
703 5177 859 5248 Goarm.
886 5195 917 5242 1.
945 5196 977 5240 c.
1005 5196 1043 5264 p,
1062 5178 1142 5253 154.
1171 5177 1191 5266 ς
1220 5179 1301 5254 604

548 5278 602 5368 m)
628 5283 797 5352 Dmmr.
825 5297 855 5346 ι.
883 5295 915 5346 c.
939 5281 981 5366 T,
1010 5283 1038 5346 1.
1068 5281 1152 5362 552.
