4942 6048
1043 440 1107 546 6s

160 663 238 752 'ob
270 663 571 752 irritationem
619 650 720 752 cuni
768 691 825 752 ea
872 691 1044 784 semper
1092 667 1408 776 conjunctam,
1455 669 1651 756 maxime
1699 670 1981 786 pericusol'a

178 793 346 904 habita,
379 821 473 878 non
506 795 604 880 sine
637 821 763 882 causa
795 791 1056 880 sufficiente
1088 822 1212 879 nunc
1261 795 1381 879 idem
1428 797 1647 903 judicium
1697 797 1816 883 ferre
1865 827 1965 912 pos·

177 941 326 1006 sumus
358 925 415 1007 dc
448 922 670 1006 methodis
710 931 758 1006 et
790 910 1000 1006 remediis
1032 926 1272 1008 secundam
1305 923 1480 1006 classem
1500 923 1823 1012 efficientibus:
1843 926 1962 1010 nihi·
2022 1019 2031 1036 .
2150 959 2226 996 ··e

177 1047 371 1132 lominus
407 1061 552 1134 tamen
585 1043 831 1134 Rlcnnnnf)
868 1073 1235 1162 compressionem
1253 1049 1328 1131 hic
1355 1047 1623 1158 deligationi
1675 1051 1872 1164 praefert
1914 1062 1962 1136 et

177 1171 451 1281 Honosonel,
485 1182 609 1280 tunc,
642 1179 824 1285 quando
857 1177 996 1283 major
1027 1175 1202 1260 arteria
1217 1175 1331 1259 laesa
1348 1175 1562 1284 subligari
1579 1203 1673 1258 non
1690 1185 1852 1289 potest,
1870 1205 1961 1260 mo·

176 1310 259 1382 net
290 1327 333 1384 sn
364 1327 615 1386 onrvnnsom
651 1302 936 1388 turundam
923 1328 972 1384 ιιι
1007 1302 1169 1385 vulnus
1202 1299 1452 1406 inmittere,
1487 1329 1601 1411 quae
1626 1304 1800 1388 osvasis
1819 1302 1958 1386 inter·

176 1427 362 1510 cludere
393 1427 543 1540 possit.
577 1427 914 1540 Compressionc
948 1427 1146 1533 admissa,
1179 1453 1274 1510 non
1311 1437 1458 1511 tamen
1476 1453 1621 1522 sumus
1637 1430 1771 1548 plane
1801 1429 1963 1515 securi.

174 1549 445 1667 Perpetuus
462 1553 655 1666 pectoris
688 1564 736 1638 et
767 1553 1017 1638 abdominis
1049 1564 1207 1672 motus,
1223 1552 1368 1638 varios
1384 1553 1446 1636 sic
1467 1553 1609 1638 dictos
1627 1555 1858 1665 pulvillos,
1874 1582 1959 1669 pro

175 1679 397 1792 repagulis
431 1677 667 1798 (Tampon)
701 1680 962 1788 servientes,
1012 1665 1146 1768 facile
1179 1707 1205 1764 e
1238 1679 1364 1762 loco
1386 1689 1552 1785 mosot,
1586 1682 1641 1760 ab
1659 1680 1823 1764 arteria
1843 1707 1961 1794 sepa·

173 1816 259 1912 rat,
292 1815 429 1915 atque
463 1806 526 1889 sic
559 1806 936 1914 haemorrhagiam
961 1805 1206 1892 resuscitat.
1239 1801 1415 1900 Vasis
1401 1830 1510 1916 lpsa
1527 1806 1806 1922 compressio,
1839 1807 1874 1888 si
1894 1833 1960 1888 ar·

175 1931 306 2015 terias
331 1931 439 2015 situs
457 1933 552 2039 ejus
584 1931 884 2016 directionem
916 1931 1021 2013 ab'
1007 1931 1106 2015 rmis
1122 1933 1179 2013 ad
1195 1957 1356 2015 siunma
1375 1929 1587 2042 postulet,
1605 1935 1849 2014 secundum
1866 1925 1960 2044 ple·
2088 1979 2093 1986 -

172 2081 333 2168 raeque
351 2057 484 2165 hujus
517 2057 661 2141 classis
694 2059 940 2163 methodos,
958 2065 1235 2141 extrorsum·
1250 2059 1554 2146 tantummodo
1590 2055 1819 2167 dirigitur.
1855 2057 1960 2142 Non

174 2209 337 2296 operae
355 2182 557 2296 pretium,
583 2193 650 2268 est
682 2183 757 2290 hic
792 2177 1132 2267 commemorare
1166 2180 1363 2266 remedia
1388 2180 1481 2288 illa,
1497 2191 1816 2293 praeterquam
1833 2185 1959 2292 quod

173 2307 468 2452 incommoda,
485 2318 626 2417 atque·
639 2308 689 2391 in
706 2309 842 2421 praxi
858 2309 1054 2392 maxima
1071 2318 1268 2422 exparte
1287 2305 1640 2414 conditionibus,
1651 2307 1958 2417 qualisvulne·

173 2434 234 2520 ris
251 2435 438 2548 spatium
456 2446 544 2543 etc3
561 2433 763 2518 obnoxia
780 2433 886 2543 sint,
904 2460 1056 2544 graves
1080 2460 1263 2546 quoque
1287 2435 1463 2518 dolores
1496 2440 1544 2517 et
1577 2431 1959 2522 inflammationes
2041 2433 2088 2528 ⁰,

174 2586 323 2646 secum
354 2559 558 2669 affere,
544 2561 752 2673 inprimis
763 2588 887 2668 vero,
905 2561 942 2645 si
960 2570 1120 2646 costam
1138 2557 1320 2642 fractam
1337 2569 1384 2646 ct
1400 2557 1560 2644 ossium
1578 2557 1895 2669 fragmenta,
1862 2585 1957 2646 sive

171 2685 260 2771 alia
278 2713 462 2802 corpora
480 2685 644 2794 aliena,
662 2712 777 2796 quae
795 2647 949 2770 statinf
959 2665 1144 2772 extrahi
1161 2711 1255 2768 non
1272 2694 1471 2799 possunt,
1496 2677 1646 2769 adesse
1675 2685 1803 2768 simul
1831 2708 1959 2799 repe·
2044 2722 2047 2732 ·

39 2873 43 2884 -
90 2887 94 2904 ,
171 2813 328 2900 riatur.
362 2813 540 2921 Quibus
572 2813 795 2898 methodis
825 2813 1040 2896 nonnulli
1073 2817 1130 2898 ad
1145 2811 1433 2896 minuendam
1450 2811 1748 2897 intercostalis
1765 2812 1958 2896 arteriae
2022 2855 2026 2870 ι

170 2939 548 3050 haemorrhagiam
579 2966 674 3023 non
704 2941 805 3022 'raro
837 2938 935 3024 sine
968 2957 1167 3024 successu
1200 2940 1461 3046 utebantur,
1492 2947 1629 3046 atque
1662 2936 1713 3018 in
1746 2937 1844 3022 aliis
1888 2965 1973 3021 oco
2105 3039 2108 3048 ,

173 3065 425 3151 casionibus
455 3063 577 3148 modi
611 3091 695 3150 usu
726 3065 924 3151 eiusdem
957 3062 1237 3172 efficiebant,
1270 3072 1323 3146 ut
1356 3071 1561 3172 aegrotus
1593 3061 1846 3146 irritationi
1907 3074 1956 3148 et

171 3194 295 3303 gravi
329 3171 676 3275 inflammationi
709 3188 818 3276 inde
851 3190 1139 3304 provenienti
1173 3191 1496 3296 succumberet,

220 3309 464 3430 'Tanquam
497 3339 993 3426 οοιιιιιιιιιιιιοιιιοιιιι,
1027 3341 1142 3428 quae
1176 3341 1301 3399 usum
1333 3316 1494 3398 horum
1527 3283 1861 3427 compressionis
1889 3313 1955 3432 in·

170 3456 518 3530 strumentorum
535 3447 793 3588 reprobant,
809 3443 991 3554 allegari
1007 3451 1204 3556 possunt.
1237 3451 1356 3536 costa
1372 3437 1526 3554 fracta,
1542 3445 1787 3584 amovenda
1804 3449 1958 3526 extra·
2074 3525 2078 3530 .

171 3570 337 3657 vasatio
370 3581 431 3658 et
419 3589 644 3686 praesens
674 3571 763 3678 jam
796 3579 1016 3654 coarctata
1050 3560 1336 3684 respiratiol).
2041 3581 2045 3588 ’
2108 3593 2111 3602 ’

993 3735 1127 3846 §ss

158 3883 164 3896 ⁸
233 3899 296 3990 Vi
307 3901 380 3987 tiis
412 3911 461 3986 ct
494 3898 712 3984 damnosis
745 3896 937 4009 sequelis
972 3907 1064 3980 tum
1097 3897 1304 4006 ligaturae
1336 3923 1436 3980 cum
1469 3891 1561 3982 filis
1577 3897 1667 3982 suis
1698 3906 1836 3980 costas
1869 3919 1954 3978 arn—

168 4027 475 4142 plettentibus
507 4027 793 4132 conjunctae,
829 4034 923 4107 tum
956 4023 1291 4136 compressionis
1318 4033 1522 4128 accurate
1538 4022 1798 4138 perspectis,
1817 4024 1956 4106 addu-

170 4154 313 4237 cimur
344 4155 403 4236 ad
1608 4220 1613 4228 ,

231 4277 362 4362 ΙΙΙειιιι
394 4277 587 4364 classem.
619 4280 676 4360 ad
683 4276 900 4422 plenam,
917 4303 1012 4360 non
1043 4302 1219 4390 prorsus
1249 4275 1390 4361 laesae
1423 4273 1612 4360 arteriae
1653 4273 1955 4365 concisionem

169 4405 283 4492 etin
300 4405 503 4516 vaginam
524 4401 836 4488 reductionem
853 4404 949 4509 ejus
966 4399 1717 4511 extremrtatmn,quaesangu1nem
1735 4397 1952 4486 fundunt.

231 4531 470 4618 'l'unnrnso¹
466 4523 536 4598 ”“)
521 4527 726 4644 inprimis
757 4491 874 4612 hanc
907 4531 1166 4613 methodum
1199 4538 1422 4643 acceptam
1454 4523 1575 4612 ferre
1609 4529 1836 4634 debemus
1869 4525 1951 4637 qui

168 4813 409 4904 Micam:
422 4809 742 4900 Anfangsgruende
767 4741 833 4886 der
857 4761 1223 4898 Wundsrzneylrunst
1251 4807 1333 4876 l.c.
1344 4809 1504 4896 pete.
1536 4809 1672 4896 §454

167 4919 212 5005 ς)
240 4921 410 4983 lienosos.
440 4915 461 4984 l.
490 4935 520 4982 c.
550 4923 649 4983 Tom.
677 4919 720 4980 11.
747 4919 885 5002 p..529

75 5097 81 5108 ⁶
166 5017 767 5108 h)ZinoLcT111pr7o
1963 5043 1969 5056 ,

166 5123 198 5218 i)
225 5125 374 5194 Τιιιιιιιιι.
402 5123 504 5189 Neue
531 5117 802 5204 Bemerkungen
826 5117 897 5184 und
924 5113 1169 5202 Erfahrungen
1197 5135 1259 5180 zur
1285 5109 1548 5200 Bereicherung
1573 5113 1639 5182 der
1678 5107 1951 5198 Wubdarcner·

230 5219 456 5311 getahrtheit.
486 5218 536 5292 80.
547 5219 680 5291 tarot
708 5230 745 5290 et
769 5221 917 5311 Lipsiae.
950 5222 1057 5309 ¹795·
1084 5224 1183 5290 Tem.
1212 5221 1239 5286 1.
1267 5219 1356 5286 Sect
1384 5221 1425 5286 V.
1453 5237 1488 5307 p.
1508 5217 1567 5316 59.
