4942 6048
1362 417 1455 502 106

514 647 735 738 scendens
764 639 926 732 format
961 643 1015 730 in
1045 643 1239 760 pectoris
1276 642 1469 730 cavitate
1503 641 1686 759 planum
1724 637 2108 730 inclinaturum
2156 637 2303 752 igitur

512 775 666 888 liquor
696 773 1015 880 accumulatus,
1049 774 1124 858 vel
1156 776 1242 857 hoc
1275 771 1326 856 in
1359 799 1462 859 casu
1493 771 1670 883 sanguis
1703 771 1814 856 inde
1846 781 2078 880 avocetur,
2110 769 2163 854 in
2194 765 2303 852 infi.
2383 743 2396 770 '
2459 787 2460 818 ι

513 929 583 987 ma
614 901 812 1018 pectoris
843 907 971 1017 p'arte
1019 927 1129 1016 opus
1161 911 1228 986 est
1260 910 1484 1016 apertura,
1517 927 1630 1010 quae-
1656 897 1841 1010 quidem
1878 907 1964 984 tam
1997 897 2206 1012 proxime
2239 897 2301 987 ad
2459 953 2460 968 ,

456 1069 460 1076 ·
514 1029 698 1147 planum
731 1029 905 1140 exequi
939 1031 1093 1138 debet,
1128 1039 1345 1145 quantum
1378 1029 1463 1112 hoe
1496 1027 1594 1115 sine
1627 1037 1752 1111 metu
1782 1026 1979 1147 periculi
1996 1024 2109 1123 lieri,
2136 1033 2300 1138 potest.

512 1153 575 1240 In
609 1155 723 1242 vivis
773 1156 1034 1270 corporibus
1066 1183 1159 1242 non
1195 1167 1282 1241 tam
1314 1157 1481 1240 elatum
1514 1153 1813 1268 diaphragma,
1847 1181 1986 1264 quam
2030 1151 2082 1236 in
2112 1149 2301 1238 mortuis

514 1278 929 1397 deprehendimini,
948 1283 999 1366 in
1031 1283 1209 1393 aegrotis
1241 1293 1392 1368 autem
1408 1287 1548 1368 modo·
1573 1283 1686 1396 pius,
1718 1284 1850 1365 modo
1882 1279 2044 1388 minue,
2061 1305 2154 1366 sese
2171 1277 2302 1364 attol-

514 1409 590 1517 tit,
625 1413 748 1520 quod
780 1412 894 1493 adeo
929 1411 1093 1518 tertiae,
1127 1410 1200 1496 vel
1234 1421 1409 1521 quartae
1440 1407 1651 1498 inferiori
1685 1419 1820 1494 oostae
1852 1434 1970 1522 saepe
2018 1407 2070 1492 in
2103 1405 2196 1492 illis
2226 1409 2303 1490 ad·

475 1603 483 1628 r
514 1537 678 1642 haeret,
712 1537 786 1620 vel
820 1535 952 1621 costis
971 1537 1194 1662 proxime
1211 1537 1400 1624 accedit.
1436 1535 1512 1624 sio
1545 1531 1829 1624 Mancino)
1853 1536 1904 1622 in
1936 1539 2129 1647 quadan
2148 1532 2308 1624 Vene-
2459 1545 2460 1612 1

518 1671 563 1750 u
596 1663 881 1775 diaphragma
913 1690 1008 1772 non
1040 1667 1180 1750 solum
1212 1669 1271 1748 ad
1302 1663 1489 1750 fomicis
1522 1663 1664 1750 instar
1697 1689 1827 1778 supra
1847 1665 2093 1771 elevatum,
2118 1665 2197 1746 sed
2213 1687 2298 1742 ma·

515 1787 683 1876 nifeste
717 1790 944 1905 delapsum
978 1791 1109 1878 vidit.
1143 1790 1341 1876 Μιιιιιιιιι,
1372 1791 1514 1905 ριιοι,
1544 1791 1798 1878 observavit
1831 1794 1967 1876 hoca
1999 1813 2158 1900 magno
2191 1813 2304 1898 quo-
2459 1859 2460 1906 ,

516 1921 618 2002 dam
652 1926 910 2003 steatomata
944 1915 1154 2005 inferiori
1187 1912 1288 2027 ejus'
1315 1920 1450 2036 plano
1483 1918 1644 2008 stricte
1693 1917 1949 2007 adhaerenti
2002 1913 2305 2004 descendisse.

517 2063 647 2154 (Mirr.
674 2065 712 2130 de
737 2063 876 2132 i'Acod.
903 2067 957 2134 du
981 2064 1120 2134 sumes
1146 2069 1184 2132 de
1198 2067 1321 2134 inrita.
1336 2090 1379 2134 an
1399 2069 1506 2156 ¹7⁵9·
1521 2088 1555 2156 p.
1569 2066 1736 2153 44-45).
1770 2045 1812 2130 Ε
1830 2045 2048 2134 similibus
2065 2041 2203 2130 causis
2224 2041 2305 2156 pd-

520 2176 607 2255 test
638 2193 823 2279 quoque
854 2180 1028 2292 septum
1060 2167 1179 2254 illud
1208 2171 1373 2281 attolli,
1405 2173 1504 2287 plus
1536 2171 1669 2258 solito
1686 2172 1736 2258 in
1753 2184 1870 2260 statu
1887 2171 2092 2279 nonnali,
2108 2171 2158 2254 id
2175 2171 2303 2280 quod
2459 2261 2460 2268 Ν

515 2294 763 2408 aliquando
795 2323 820 2380 a
852 2295 993 2382 nimia
1022 2297 1165 2412 adipis
1198 2295 1249 2390 in
1281 2300 1522 2386 abdomine
1555 2311 1604 2385 et
1639 2302 1819 2386 thorace
1837 2298 2175 2386 coacervatione
2198 2321 2300 2411 pro-
2459 2337 2460 2398 ;

518 2413 700 2507 venii').
717 2495 720 2504 .
736 2417 885 2509 SENAG
918 2437 1114 2534 (Mamaea
1151 2447 1190 2512 cte
1228 2443 1430 2528 i’Acadcmie
1467 2448 1577 2538 royoie
1602 2449 1655 2518 des
1692 2455 1828 2518 scitans
1859 2455 1896 2516 tn
1924 2449 1975 2514 8⁰.
2008 2466 2115 2533 ¹7²9·
2143 2451 2175 2532 'p
2195 2438 2306 2528 ¹74)
2459 2429 2460 2508 ι

517 2546 839 2638 animadvertit¹
870 2548 928 2638 in.
955 2553 1176 2638 cadavere
1202 2551 1459 2664 pleuritide
1485 2553 1669 2661 mortni,
1703 2553 1994 2670 diaphragma
2034 2553 2092 2636 in
2126 2553 2305 2636 dextro

441 2699 444 2706 ’
518 2669 662 2764 latere
694 2674 1053 2764 areunculam
1078 2702 1221 2788 usque
1254 2677 1515 2789 ascendime.
1531 2729 1591 2746 -
1608 2679 1699 2766 Hic
1732 2706 1916 2792 quoque
1955 2705 2049 2766 non
2082 2679 2300 2762 absonum

518 2811 602 2912 est,
635 2801 769 2890 itlius,
790 2801 1032 2909 mutabilis,
1064 2807 1208 2892 modo
1231 2804 1445 2914 elatioris,
1485 2811 1626 2891 modo
1664 2807 1959 2922 depressioris
2000 2805 2109 2892 situs
2139 2828 2308 2889 memo·
2459 2795 2460 2814 ι

516 2927 637 3016 riatn
663 2938 893 3048 repetere,
918 2955 1060 3040 quem
1086 2932 1307 3020 musculus
1339 2933 1416 3016 h'ic
1452 2943 1545 3020 tum
1576 2947 1763 3049 propter
1794 2939 2050 3020 abnormem
2074 2931 2304 3018 viscerum
2459 2935 2460 3006 ὲ

516 3055 714 3173 pectoris
736 3045 1098 3169 abdominisque
1119 3059 1492 3170 magnitudinem,
1532 3069 1623 3145 tum
1656 3075 1842 3176 propter
1874 3060 2069 3148 diversas
2107 3056 2300 3170 gravidi·

348 3287 351 3298 .
422 3171 427 3192 '
519 3183 623 3266 tatis
654 3181 863 3297 periodos
896 3185 1050 3291 habet,
1082 3211 1169 3270 neo
1202 3215 1297 3272 non
1346 3198 1533 3302 propter
1580 3191 1957 3276 accumulationes
2004 3183 2308 3302 pinguedinis

516 3307 859 3424 hydropesque,
889 3336 1003 3420 quaa
1026 3312 1083 3396 in
1108 3311 1179 3400 his
1213 3315 1478 3398 caritatibus
1509 3316 1607 3399 non'
1621 3344 1720 3400 raro
1737 3314 2299 3426 occurrunt.'-Diaphrag·
2459 3355 2460 3436 ι

516 3459 588 3520 ma
620 3435 684 3522 sic
716 3435 767 3519 in
799 3435 941 3523 altum
973 3443 1380 3550 quomodocunque
1414 3453 1616 3528 erectum
1632 3468 1922 3557 nequaquam.
1935 3440 2083 3528 efficit
2097 3441 2305 3555 planum,
2459 3447 2460 3510 t

516 3559 613 3648 sive
646 3564 703 3645 ad
734 3571 898 3673 pectus
922 3587 968 3650 se
1002 3567 1339 3654 extendentem
1367 3569 1811 3678 concamerationem,
1862 3575 1946 3658 sed
1971 3569 2121 3685 potius
2154 3565 2306 3650 multo
2453 3581 2457 3592 '

517 3687 775 3810 convenius
806 3689 1030 3799 redditur,
1064 3691 1300 3778 tendinoso
1333 3694 1456 3780 enim
1487 3705 1646 3784 centro
1680 3698 1776 3806 ejus
1806 3697 1934 3782 nihil.
1959 3699 2208 3802 immutato,
2240 3695 2304 3776 ad

427 3845 453 3912 ς
517 3813 635 3902 latus
669 3825 911 3929 auumque
945 3842 971 3901 e
1005 3817 1181 3930 singulo
1212 3821 1385 3934 pleurae
1417 3847 1551 3910 sacco
1574 3824 1711 3936 magis
1756 3825 2018 3940 prominent
2049 3821 2304 3934 dirempti

519 3943 757 4028 transversi
789 3940 1003 4034 fornicet,
1023 3963 1284 4052 (incommom-
1300 3966 1402 4056 Opus.
1429 3971 1705 4060 physice-chemin.
1724 3985 1756 4039 ct
1769 3975 1852 4039 mad.
1870 3973 1947 4042 Η.
1962 3967 2042 4060 ἦρι
2065 3969 2141 4056 16)·
2180 3945 2298 4051 Qua·

516 4077 719 4182 propter,
752 4069 788 4155 si
817 4066 1013 4157 inferius
1044 4068 1188 4160 nimis
1223 4075 1522 4186 paracentesis
1571 4072 1646 4184 tit,
1679 4070 1861 4190 septum.
1885 4076 1942 4162 in
1983 4076 2188 4192 periculo
2229 4101 2306 4158 su·

518 4193 727 4282 beundae
759 4196 965 4318 laesionis¹
987 4209 1203 4310 vereatur,
1226 4197 1360 4290 immo
1394 4201 1535 4290 etiam
1561 4202 1620 4288 in.
1644 4213 1852 4317 aperurra
1885 4205 1976 4318 ipsa
2009 4201 2142 4288 facile
2174 4204 2307 4286 aben.

517 4321 608 4406 rari
640 4332 802 4436 potest,
837 4351 975 4434 quum
1007 4325 1373 4440 nimirumhcac,
1399 4355 1493 4414 non
1519 4353 1663 4444 supra.
1688 4339 1887 4444 septum,
1918 4331 2033 4418 licet¹
2050 4373 2060 4389 ν
2077 4332 2298 4444 deprima-
2459 4387 2460 4396 ι

520 4455 597 4532 tur
627 4447 909 4562 diaphragma
943 4461 1240 4561 extravasato,
1272 4458 1351 4540 sed
1383 4453 1502 4541 infra
1533 4451 1653 4542 forte
1684 4457 1847 4572 stuoipi
1877 4458 2028 4574 possit.
2045 4457 2218 4548 Verum
2238 4467 2296 4540 ta·

517 4597 623 4660 men
654 4602 746 4662 non
781 4579 958 4668 desunt..
979 4581 1204 4694 exempta,
1239 4581 1378 4665 talem.
1402 4583 1657 4670 abnormem
1690 4583 1824 4672 situm
1841 4583 2102 4696 gravissimis
2135 4584 2305 4668 errori·
2459 4571 2460 4582 '

461 4797 471 4812 „
517 4699 603 4788 tna
634 4729 780 4789 ansam
811 4705 1065 4817 praebuisse.
1101 4703 1178 4794 Sio
1209 4705 1390 4794 Rurscu
1425 4731 1572 4819 (observ.
1598 4715 1935 4823 anatimscacttmg.
1964 4733 2052 4802 eea.
2080 4731 2154 4799 oss.
2170 4729 2295 4814 LXV)

519 4851 664 4916 casum
698 4835 927 4960 quendam
954 4829 1115 4946 refert,
1143 4833 1224 4922 ubi
1256 4836 1506 4952 chirurgus.
1526 4837 1629 4924 loco
1659 4838 1865 4957 pectoris
1886 4837 2123 4956 aperiendi
2162 4839 2305 4924 abdo»

456 5047 464 5054 ⁸
517 5075 560 5170 p)
588 5076 747 5144 Scmrar.
773 5096 804 5143 ι.
833 5095 862 5142 c.
890 5095 926 5166 p.
942 5097 1001 5161 97.

517 5175 559 5264 q)
586 5181 776 5246 Moaoacrr.
804 5197 836 5244 u.
864 5197 893 5244 c.
920 5177 1028 5265 Epist.
1055 5181 1178 5246 xxv1.
1205 5189 1269 5246 art.¹
1301 5201 1358 5249 er.
1384 5201 1421 5270 p.
1454 5186 1522 5272 ²39
1551 5193 1588 5254 et
1613 5204 1690 5278 oeqg

516 5279 555 5366 ni
584 5283 778 5354 musaeu.
803 5299 835 5350 ι.
861 5299 896 5352 ο,
920 5281 1028 5378 spise
1055 5284 1204 5354 xxvtt·
1224 5291 1290 5352 art
1323 5303 1353 5350 a.
1380 5304 1418 5374 p.
1448 5307 1534 5374 ιη.
