<?xml version="1.0" encoding="UTF-8"?>
<!DOCTYPE html PUBLIC "-//W3C//DTD XHTML 1.0 Transitional//EN"
    "http://www.w3.org/TR/xhtml1/DTD/xhtml1-transitional.dtd">
<html xmlns="http://www.w3.org/1999/xhtml" xml:lang="en" lang="en">
 <head>
  <title>
</title>
<meta http-equiv="Content-Type" content="text/html;charset=utf-8" />
  <meta name='ocr-system' content='tesseract 3.04.00' />
  <meta name='ocr-capabilities' content='ocr_page ocr_carea ocr_par ocr_line ocrx_word'/>
</head>
<body>
  <div class='ocr_page' id='page_1' title='image "./tractatusdevuln00mayegoog_0113.png"; bbox 0 0 4942 6048; ppageno 0'>
   <div class='ocr_carea' id='block_1_1' title="bbox 1398 447 1564 541">
    <p class='ocr_par' dir='ltr' id='par_1_1' title="bbox 1398 447 1564 541">
     <span class='ocr_line' id='line_1_1' title="bbox 1398 447 1564 541; baseline 0.042 -7"><span class='ocrx_word' id='word_1_1' title='bbox 1398 447 1564 541; x_wconf 70' lang='grc' dir='ltr'><strong>ἴθ’,</strong></span> 
     </span>
    </p>
   </div>
   <div class='ocr_carea' id='block_1_2' title="bbox 519 651 2313 1403">
    <p class='ocr_par' dir='ltr' id='par_1_2' title="bbox 519 651 2313 1403">
     <span class='ocr_line' id='line_1_2' title="bbox 535 651 2312 778; baseline -0.014 -23"><span class='ocrx_word' id='word_1_2' title='bbox 535 669 655 759; x_wconf 91' lang='lat' dir='ltr'><strong>enim</strong></span> <span class='ocrx_word' id='word_1_3' title='bbox 688 689 791 752; x_wconf 88' lang='lat' dir='ltr'><strong>usus</strong></span> <span class='ocrx_word' id='word_1_4' title='bbox 823 687 979 778; x_wconf 88' lang='lat' dir='ltr'><strong>parvo</strong></span> <span class='ocrx_word' id='word_1_5' title='bbox 975 657 1299 744; x_wconf 86' lang='lat' dir='ltr'><strong>instrumento</strong></span> <span class='ocrx_word' id='word_1_6' title='bbox 1311 651 1612 769; x_wconf 83' lang='lat' dir='ltr'><strong>myrtiformi,</strong></span> <span class='ocrx_word' id='word_1_7' title='bbox 1644 657 1702 740; x_wconf 93' lang='lat' dir='ltr'><strong>ad</strong></span> <span class='ocrx_word' id='word_1_8' title='bbox 1733 677 1874 736; x_wconf 87' lang='grc' dir='ltr'><strong>ιιιιιιιιι</strong></span> <span class='ocrx_word' id='word_1_9' title='bbox 1906 653 2022 740; x_wconf 87' lang='lat' dir='ltr'><strong>latus</strong></span> <span class='ocrx_word' id='word_1_10' title='bbox 2050 655 2312 740; x_wconf 84' lang='lat' dir='ltr'><strong>tantummo-</strong></span> 
     </span>
     <span class='ocr_line' id='line_1_3' title="bbox 527 773 2313 928; baseline -0.01 -44"><span class='ocrx_word' id='word_1_11' title='bbox 527 803 595 884; x_wconf 87' lang='lat' dir='ltr'><strong>do</strong></span> <span class='ocrx_word' id='word_1_12' title='bbox 627 795 723 879; x_wconf 91' lang='lat' dir='ltr'><strong>acie</strong></span> <span class='ocrx_word' id='word_1_13' title='bbox 755 790 977 906; x_wconf 89' lang='lat' dir='ltr'><strong>praedito,</strong></span> <span class='ocrx_word' id='word_1_14' title='bbox 1008 813 1104 870; x_wconf 91' lang='lat' dir='ltr'><strong>non</strong></span> <span class='ocrx_word' id='word_1_15' title='bbox 1136 810 1313 900; x_wconf 86' lang='lat' dir='ltr'><strong>prorsus</strong></span> <span class='ocrx_word' id='word_1_16' title='bbox 1346 784 1588 890; x_wconf 89' lang='lat' dir='ltr'><strong>sejunctam</strong></span> <span class='ocrx_word' id='word_1_17' title='bbox 1623 780 1830 865; x_wconf 81' lang='lat' dir='ltr'><strong>arteriam</strong></span> <span class='ocrx_word' id='word_1_18' title='bbox 1847 807 1897 864; x_wconf 90' lang='grc' dir='ltr'><strong>ιιι</strong></span> <span class='ocrx_word' id='word_1_19' title='bbox 1915 791 2060 866; x_wconf 86' lang='lat' dir='ltr'><strong>costae</strong></span> <span class='ocrx_word' id='word_1_20' title='bbox 2093 773 2243 868; x_wconf 85' lang='lat' dir='ltr'><strong>sulco</strong></span> <span class='ocrx_word' id='word_1_21' title='bbox 2221 791 2313 928; x_wconf 80' lang='lat' dir='ltr'><strong>pe·</strong></span> 
     </span>
     <span class='ocr_line' id='line_1_4' title="bbox 523 903 2311 1028; baseline -0.009 -20"><span class='ocrx_word' id='word_1_22' title='bbox 523 925 659 1028; x_wconf 42' lang='lat' dir='ltr'><strong>unitus</strong></span> <span class='ocrx_word' id='word_1_23' title='bbox 692 918 870 1006; x_wconf 86' lang='lat' dir='ltr'><strong>secavit.</strong></span> <span class='ocrx_word' id='word_1_24' title='bbox 903 914 1001 1027; x_wconf 85' lang='lat' dir='ltr'><strong>Ope</strong></span> <span class='ocrx_word' id='word_1_25' title='bbox 1034 939 1141 996; x_wconf 89' lang='lat' dir='ltr'><strong>vero</strong></span> <span class='ocrx_word' id='word_1_26' title='bbox 1175 911 1286 996; x_wconf 87' lang='lat' dir='ltr'><strong>alius</strong></span> <span class='ocrx_word' id='word_1_27' title='bbox 1320 909 1623 1015; x_wconf 82' lang='lat' dir='ltr'><strong>instrumenti,</strong></span> <span class='ocrx_word' id='word_1_28' title='bbox 1656 908 1858 1015; x_wconf 78' lang='lat' dir='ltr'><strong>itemque</strong></span> <span class='ocrx_word' id='word_1_29' title='bbox 1874 906 1986 992; x_wconf 89' lang='lat' dir='ltr'><strong>folio</strong></span> <span class='ocrx_word' id='word_1_30' title='bbox 2002 909 2180 1019; x_wconf 82' lang='lat' dir='ltr'><strong>myrteo</strong></span> <span class='ocrx_word' id='word_1_31' title='bbox 2197 903 2311 992; x_wconf 76' lang='lat' dir='ltr'><strong>sirii·</strong></span> 
     </span>
     <span class='ocr_line' id='line_1_5' title="bbox 535 1033 2313 1160; baseline -0.01 -26"><span class='ocrx_word' id='word_1_32' title='bbox 535 1049 702 1160; x_wconf 81' lang='lat' dir='ltr'><strong>lis,&#39;ied</strong></span> <span class='ocrx_word' id='word_1_33' title='bbox 718 1049 772 1130; x_wconf 83' lang='lat' dir='ltr'><strong>alr</strong></span> <span class='ocrx_word' id='word_1_34' title='bbox 806 1053 1001 1151; x_wconf 85' lang='lat' dir='ltr'><strong>utroque</strong></span> <span class='ocrx_word' id='word_1_35' title='bbox 1024 1039 1175 1122; x_wconf 89' lang='lat' dir='ltr'><strong>latere</strong></span> <span class='ocrx_word' id='word_1_36' title='bbox 1209 1036 1372 1142; x_wconf 87' lang='lat' dir='ltr'><strong>obtusi,</strong></span> <span class='ocrx_word' id='word_1_37' title='bbox 1404 1041 1462 1119; x_wconf 89' lang='lat' dir='ltr'><strong>ad</strong></span> <span class='ocrx_word' id='word_1_38' title='bbox 1495 1033 1731 1118; x_wconf 87' lang='lat' dir='ltr'><strong>dimidium</strong></span> <span class='ocrx_word' id='word_1_39' title='bbox 1763 1033 1938 1146; x_wconf 86' lang='lat' dir='ltr'><strong>pollicis</strong></span> <span class='ocrx_word' id='word_1_40' title='bbox 1968 1061 2120 1122; x_wconf 87' lang='lat' dir='ltr'><strong>versus</strong></span> <span class='ocrx_word' id='word_1_41' title='bbox 2142 1035 2313 1146; x_wconf 88' lang='lat' dir='ltr'><strong>spinam</strong></span> 
     </span>
     <span class='ocr_line' id='line_1_6' title="bbox 526 1161 2312 1306; baseline -0.01 -45"><span class='ocrx_word' id='word_1_42' title='bbox 526 1179 657 1261; x_wconf 85' lang='lat' dir='ltr'><strong>dorsi</strong></span> <span class='ocrx_word' id='word_1_43' title='bbox 692 1169 899 1286; x_wconf 80' lang='lat' dir='ltr'><strong>repressit</strong></span> <span class='ocrx_word' id='word_1_44' title='bbox 932 1167 1010 1252; x_wconf 93' lang='lat' dir='ltr'><strong>ille</strong></span> <span class='ocrx_word' id='word_1_45' title='bbox 1044 1163 1246 1250; x_wconf 84' lang='lat' dir='ltr'><strong>concisae</strong></span> <span class='ocrx_word' id='word_1_46' title='bbox 1279 1162 1475 1246; x_wconf 79' lang='lat' dir='ltr'><strong>arteriae</strong></span> <span class='ocrx_word' id='word_1_47' title='bbox 1486 1163 1819 1248; x_wconf 85' lang='lat' dir='ltr'><strong>extremitatem</strong></span> <span class='ocrx_word' id='word_1_48' title='bbox 1838 1161 2072 1306; x_wconf 83' lang='lat' dir='ltr'><strong>repositam</strong></span> <span class='ocrx_word' id='word_1_49' title='bbox 2096 1187 2214 1273; x_wconf 91' lang='lat' dir='ltr'><strong>pone</strong></span> <span class='ocrx_word' id='word_1_50' title='bbox 2231 1161 2312 1274; x_wconf 92' lang='lat' dir='ltr'><strong>spi·</strong></span> 
     </span>
     <span class='ocr_line' id='line_1_7' title="bbox 519 1279 2311 1403; baseline -0.004 -23"><span class='ocrx_word' id='word_1_51' title='bbox 519 1331 639 1388; x_wconf 84' lang='lat' dir='ltr'><strong>nam</strong></span> <span class='ocrx_word' id='word_1_52' title='bbox 672 1295 805 1388; x_wconf 90' lang='lat' dir='ltr'><strong>dorsi.</strong></span> <span class='ocrx_word' id='word_1_53' title='bbox 841 1294 984 1397; x_wconf 89' lang='lat' dir='ltr'><strong>Quam</strong></span> <span class='ocrx_word' id='word_1_54' title='bbox 1019 1290 1292 1403; x_wconf 87' lang='lat' dir='ltr'><strong>reprimendi</strong></span> <span class='ocrx_word' id='word_1_55' title='bbox 1325 1289 1548 1374; x_wconf 83' lang='lat' dir='ltr'><strong>actionem</strong></span> <span class='ocrx_word' id='word_1_56' title='bbox 1579 1315 1713 1395; x_wconf 86' lang='lat' dir='ltr'><strong>suam,</strong></span> <span class='ocrx_word' id='word_1_57' title='bbox 1748 1287 2001 1373; x_wconf 80' lang='lat' dir='ltr'><strong>crassissima</strong></span> <span class='ocrx_word' id='word_1_58' title='bbox 2034 1297 2082 1372; x_wconf 89' lang='lat' dir='ltr'><strong>et</strong></span> <span class='ocrx_word' id='word_1_59' title='bbox 2125 1279 2236 1370; x_wconf 86' lang='lat' dir='ltr'><strong>dura</strong></span> <span class='ocrx_word' id='word_1_60' title='bbox 2285 1313 2311 1372; x_wconf 88' lang='lat' dir='ltr'><strong>e</strong></span> 
     </span>
    </p>
   </div>
   <div class='ocr_carea' id='block_1_3' title="bbox 404 1413 2313 1533">
    <p class='ocr_par' dir='ltr' id='par_1_3' title="bbox 404 1413 2313 1533">
     <span class='ocr_line' id='line_1_8' title="bbox 404 1413 2313 1533; baseline -0.009 -21"><span class='ocrx_word' id='word_1_61' title='bbox 404 1451 405 1456; x_wconf 64' lang='lat'>‘</span> <span class='ocrx_word' id='word_1_62' title='bbox 528 1429 684 1516; x_wconf 84' lang='lat' dir='ltr'><strong>linteo</strong></span> <span class='ocrx_word' id='word_1_63' title='bbox 718 1423 886 1533; x_wconf 85' lang='lat' dir='ltr'><strong>carpto,</strong></span> <span class='ocrx_word' id='word_1_64' title='bbox 918 1417 1277 1504; x_wconf 83' lang='lat' dir='ltr'><strong>siveBaossonnr</strong></span> <span class='ocrx_word' id='word_1_65' title='bbox 1309 1417 1482 1526; x_wconf 81' lang='lat' dir='ltr'><strong>agarico</strong></span> <span class='ocrx_word' id='word_1_66' title='bbox 1511 1413 1722 1500; x_wconf 88' lang='lat' dir='ltr'><strong>con-&#39;lecta</strong></span> <span class='ocrx_word' id='word_1_67' title='bbox 1756 1416 1954 1498; x_wconf 87' lang='lat' dir='ltr'><strong>turunda</strong></span> <span class='ocrx_word' id='word_1_68' title='bbox 1980 1414 2180 1521; x_wconf 74' lang='lat' dir='ltr'><strong>adjutus,</strong></span> <span class='ocrx_word' id='word_1_69' title='bbox 2225 1416 2313 1509; x_wconf 81' lang='lat' dir='ltr'><strong>tarn</strong></span> 
     </span>
    </p>
   </div>
   <div class='ocr_carea' id='block_1_4' title="bbox 530 1539 2312 1838">
    <p class='ocr_par' dir='ltr' id='par_1_4' title="bbox 530 1539 2312 1799">
     <span class='ocr_line' id='line_1_9' title="bbox 530 1539 2312 1744; baseline -0.012 -102"><span class='ocrx_word' id='word_1_70' title='bbox 530 1560 621 1644; x_wconf 56' lang='lat' dir='ltr'><strong>&#39;diu</strong></span> <span class='ocrx_word' id='word_1_71' title='bbox 653 1551 1018 1671; x_wconf 79' lang='lat' dir='ltr'><strong>persequebatur,</strong></span> <span class='ocrx_word' id='word_1_72' title='bbox 1051 1550 1196 1628; x_wconf 90' lang='lat' dir='ltr'><strong>donec</strong></span> <span class='ocrx_word' id='word_1_73' title='bbox 1231 1553 1352 1627; x_wconf 90' lang='lat' dir='ltr'><strong>certe</strong></span> <span class='ocrx_word' id='word_1_74' title='bbox 1385 1543 1563 1626; x_wconf 85' lang='lat' dir='ltr'><strong>arteriae</strong></span> <span class='ocrx_word' id='word_1_75' title='bbox 1597 1539 1896 1744; x_wconf 86' lang='lat' dir='ltr'><strong>extremitati,</strong></span> <span class='ocrx_word' id='word_1_76' title='bbox 1925 1539 1987 1626; x_wconf 81' lang='lat' dir='ltr'><strong>in</strong></span> <span class='ocrx_word' id='word_1_77' title='bbox 2026 1539 2249 1625; x_wconf 86' lang='lat' dir='ltr'><strong>sulcum</strong></span> <span class='ocrx_word' id='word_1_78' title='bbox 2236 1565 2312 1622; x_wconf 88' lang='lat' dir='ltr'><strong>nn-</strong></span> 
     </span>
     <span class='ocr_line' id='line_1_10' title="bbox 538 1667 1811 1838; baseline -0.014 -70"><span class='ocrx_word' id='word_1_79' title='bbox 538 1711 695 1799; x_wconf 83' lang='lat' dir='ltr'><strong>presse,</strong></span> <span class='ocrx_word' id='word_1_80' title='bbox 728 1673 987 1838; x_wconf 82' lang='lat' dir='ltr'><strong>sanguinem</strong></span> <span class='ocrx_word' id='word_1_81' title='bbox 1021 1669 1260 1764; x_wconf 84' lang='lat' dir='ltr'><strong>eifundere</strong></span> <span class='ocrx_word' id='word_1_82' title='bbox 1293 1669 1478 1782; x_wconf 88' lang='lat' dir='ltr'><strong>amplius</strong></span> <span class='ocrx_word' id='word_1_83' title='bbox 1511 1696 1606 1752; x_wconf 92' lang='lat' dir='ltr'><strong>non</strong></span> <span class='ocrx_word' id='word_1_84' title='bbox 1636 1667 1811 1753; x_wconf 91' lang='lat' dir='ltr'><strong>liceret.</strong></span> 
     </span>
    </p>
   </div>
   <div class='ocr_carea' id='block_1_5' title="bbox 1365 1833 1498 1945">
    <p class='ocr_par' dir='ltr' id='par_1_5' title="bbox 1365 1833 1498 1945">
     <span class='ocr_line' id='line_1_11' title="bbox 1365 1833 1498 1945; baseline -0.034 0"><span class='ocrx_word' id='word_1_85' title='bbox 1365 1833 1498 1945; x_wconf 73' lang='lat' dir='ltr'><strong>§fia</strong></span> 
     </span>
    </p>
   </div>
   <div class='ocr_carea' id='block_1_6' title="bbox 448 1933 2426 3378">
    <p class='ocr_par' dir='ltr' id='par_1_6' title="bbox 515 1933 2426 2216">
     <span class='ocr_line' id='line_1_12' title="bbox 601 1933 2316 2107; baseline -0.002 -20.991"><span class='ocrx_word' id='word_1_86' title='bbox 601 1965 723 2106; x_wconf 86' lang='lat' dir='ltr'><strong>Quae</strong></span> <span class='ocrx_word' id='word_1_87' title='bbox 754 2027 862 2088; x_wconf 86' lang='lat' dir='ltr'><strong>vero</strong></span> <span class='ocrx_word' id='word_1_88' title='bbox 896 2000 1005 2084; x_wconf 90' lang='lat' dir='ltr'><strong>huic</strong></span> <span class='ocrx_word' id='word_1_89' title='bbox 1043 1933 1256 2086; x_wconf 81' lang='lat' dir='ltr'><strong>methodo</strong></span> <span class='ocrx_word' id='word_1_90' title='bbox 1289 2025 1314 2082; x_wconf 92' lang='lat' dir='ltr'><strong>a</strong></span> <span class='ocrx_word' id='word_1_91' title='bbox 1346 1997 1479 2084; x_wconf 84' lang='lat' dir='ltr'><strong>variis</strong></span> <span class='ocrx_word' id='word_1_92' title='bbox 1512 1999 1689 2107; x_wconf 90' lang='lat' dir='ltr'><strong>objecta</strong></span> <span class='ocrx_word' id='word_1_93' title='bbox 1721 1993 1922 2106; x_wconf 84' lang='lat' dir='ltr'><strong>fuisse,</strong></span> <span class='ocrx_word' id='word_1_94' title='bbox 1908 1995 2081 2106; x_wconf 83' lang='lat' dir='ltr'><strong>inveni,</strong></span> <span class='ocrx_word' id='word_1_95' title='bbox 2119 1994 2197 2080; x_wconf 88' lang='lat' dir='ltr'><strong>hic</strong></span> <span class='ocrx_word' id='word_1_96' title='bbox 2248 2021 2316 2082; x_wconf 88' lang='lat' dir='ltr'><strong>re·</strong></span> 
     </span>
     <span class='ocr_line' id='line_1_13' title="bbox 515 2124 2426 2248; baseline -0.004 -32"><span class='ocrx_word' id='word_1_97' title='bbox 515 2129 690 2248; x_wconf 69' lang='lat' dir='ltr'><strong>&#39;futare</strong></span> <span class='ocrx_word' id='word_1_98' title='bbox 723 2129 930 2213; x_wconf 89' lang='lat' dir='ltr'><strong>conabor.</strong></span> <span class='ocrx_word' id='word_1_99' title='bbox 1758 2155 1766 2166; x_wconf 88' lang='lat'><em>·</em></span> <span class='ocrx_word' id='word_1_100' title='bbox 2421 2124 2426 2132; x_wconf 79' lang='grc'><strong>’</strong></span> 
     </span>
    </p>

    <p class='ocr_par' dir='ltr' id='par_1_7' title="bbox 526 2247 2315 2618">
     <span class='ocr_line' id='line_1_14' title="bbox 604 2247 2311 2396; baseline -0.005 -53.861"><span class='ocrx_word' id='word_1_101' title='bbox 604 2253 998 2396; x_wconf 76' lang='lat' dir='ltr'><strong>a)Cone,isionem</strong></span> <span class='ocrx_word' id='word_1_102' title='bbox 1031 2251 1211 2337; x_wconf 86' lang='lat' dir='ltr'><strong>arteriae</strong></span> <span class='ocrx_word' id='word_1_103' title='bbox 1244 2251 1542 2336; x_wconf 85' lang='lat' dir='ltr'><strong>intercostalis</strong></span> <span class='ocrx_word' id='word_1_104' title='bbox 1584 2277 1679 2336; x_wconf 90' lang='lat' dir='ltr'><strong>rem</strong></span> <span class='ocrx_word' id='word_1_105' title='bbox 1727 2252 1858 2336; x_wconf 86' lang='lat' dir='ltr'><strong>valde</strong></span> <span class='ocrx_word' id='word_1_106' title='bbox 1892 2247 2159 2340; x_wconf 81' lang='lat' dir='ltr'><strong>difficilem</strong></span> <span class='ocrx_word' id='word_1_107' title='bbox 2202 2275 2311 2354; x_wconf 88' lang='lat' dir='ltr'><strong>esse,</strong></span> 
     </span>
     <span class='ocr_line' id='line_1_15' title="bbox 526 2379 2315 2500; baseline -0.004 -35"><span class='ocrx_word' id='word_1_108' title='bbox 526 2393 780 2500; x_wconf 51' lang='lat' dir='ltr'><strong>,propterea</strong></span> <span class='ocrx_word' id='word_1_109' title='bbox 813 2379 921 2491; x_wconf 86' lang='lat' dir='ltr'><strong>quia</strong></span> <span class='ocrx_word' id='word_1_110' title='bbox 954 2391 1172 2474; x_wconf 84' lang='lat' dir='ltr'><strong>costarum</strong></span> <span class='ocrx_word' id='word_1_111' title='bbox 1206 2379 1332 2487; x_wconf 86' lang='lat' dir='ltr'><strong>quasi</strong></span> <span class='ocrx_word' id='word_1_112' title='bbox 1377 2381 1495 2461; x_wconf 89' lang='lat' dir='ltr'><strong>vallo</strong></span> <span class='ocrx_word' id='word_1_113' title='bbox 1536 2380 1821 2477; x_wconf 88' lang='lat' dir='ltr'><strong>extrinsecus</strong></span> <span class='ocrx_word' id='word_1_114' title='bbox 1871 2380 2035 2486; x_wconf 88' lang='lat' dir='ltr'><strong>cincta,</strong></span> <span class='ocrx_word' id='word_1_115' title='bbox 2083 2403 2315 2491; x_wconf 92' lang='lat' dir='ltr'><strong>propemo-</strong></span> 
     </span>
     <span class='ocr_line' id='line_1_16' title="bbox 543 2503 2315 2618; baseline -0.003 -27"><span class='ocrx_word' id='word_1_116' title='bbox 543 2513 667 2599; x_wconf 69' lang='lat' dir='ltr'><strong>dum,</strong></span> <span class='ocrx_word' id='word_1_117' title='bbox 700 2509 750 2592; x_wconf 91' lang='lat' dir='ltr'><strong>in</strong></span> <span class='ocrx_word' id='word_1_118' title='bbox 785 2506 928 2590; x_wconf 89' lang='lat' dir='ltr'><strong>canali</strong></span> <span class='ocrx_word' id='word_1_119' title='bbox 962 2510 1152 2616; x_wconf 86' lang='lat' dir='ltr'><strong>quodam</strong></span> <span class='ocrx_word' id='word_1_120' title='bbox 1185 2505 1268 2588; x_wconf 89' lang='lat' dir='ltr'><strong>sita</strong></span> <span class='ocrx_word' id='word_1_121' title='bbox 1302 2515 1384 2610; x_wconf 91' lang='lat' dir='ltr'><strong>est,</strong></span> <span class='ocrx_word' id='word_1_122' title='bbox 1417 2506 1467 2588; x_wconf 91' lang='lat' dir='ltr'><strong>in</strong></span> <span class='ocrx_word' id='word_1_123' title='bbox 1499 2533 1589 2616; x_wconf 91' lang='lat' dir='ltr'><strong>quo</strong></span> <span class='ocrx_word' id='word_1_124' title='bbox 1624 2503 1818 2589; x_wconf 82' lang='lat' dir='ltr'><strong>concisio</strong></span> <span class='ocrx_word' id='word_1_125' title='bbox 1854 2516 1944 2590; x_wconf 88' lang='lat' dir='ltr'><strong>tota</strong></span> <span class='ocrx_word' id='word_1_126' title='bbox 1976 2505 2129 2618; x_wconf 79' lang='lat' dir='ltr'><strong>peragi</strong></span> <span class='ocrx_word' id='word_1_127' title='bbox 2163 2505 2315 2587; x_wconf 89' lang='lat' dir='ltr'><strong>debet.</strong></span> 
     </span>
    </p>

    <p class='ocr_par' dir='ltr' id='par_1_8' title="bbox 448 2629 2316 3378">
     <span class='ocr_line' id='line_1_17' title="bbox 608 2629 2316 2750; baseline -0.002 -34"><span class='ocrx_word' id='word_1_128' title='bbox 608 2631 785 2750; x_wconf 68' lang='lat' dir='ltr'><strong>b)‘Vas</strong></span> <span class='ocrx_word' id='word_1_129' title='bbox 815 2629 1052 2716; x_wconf 74' lang='lat' dir='ltr'><strong>illud‘tam</strong></span> <span class='ocrx_word' id='word_1_130' title='bbox 1085 2641 1207 2716; x_wconf 91' lang='lat' dir='ltr'><strong>arcte</strong></span> <span class='ocrx_word' id='word_1_131' title='bbox 1241 2659 1342 2714; x_wconf 90' lang='lat' dir='ltr'><strong>curn</strong></span> <span class='ocrx_word' id='word_1_132' title='bbox 1375 2642 1493 2715; x_wconf 89' lang='lat' dir='ltr'><strong>costa</strong></span> <span class='ocrx_word' id='word_1_133' title='bbox 1527 2642 1575 2716; x_wconf 87' lang='lat' dir='ltr'><strong>et</strong></span> <span class='ocrx_word' id='word_1_134' title='bbox 1607 2631 1763 2746; x_wconf 87' lang='lat' dir='ltr'><strong>pleura</strong></span> <span class='ocrx_word' id='word_1_135' title='bbox 1797 2635 2043 2739; x_wconf 86' lang='lat' dir='ltr'><strong>cohaerere,</strong></span> <span class='ocrx_word' id='word_1_136' title='bbox 2091 2642 2143 2714; x_wconf 93' lang='lat' dir='ltr'><strong>ut</strong></span> <span class='ocrx_word' id='word_1_137' title='bbox 2192 2631 2316 2713; x_wconf 88' lang='lat' dir='ltr'><strong>haud</strong></span> 
     </span>
     <span class='ocr_line' id='line_1_18' title="bbox 448 2757 1761 2870; baseline 0 -24"><span class='ocrx_word' id='word_1_138' title='bbox 448 2805 451 2812; x_wconf 87' lang='lat'>.</span> <span class='ocrx_word' id='word_1_139' title='bbox 536 2760 689 2868; x_wconf 82' lang='lat' dir='ltr'><strong>libere</strong></span> <span class='ocrx_word' id='word_1_140' title='bbox 730 2762 962 2868; x_wconf 84' lang='lat' dir='ltr'><strong>retrahere</strong></span> <span class='ocrx_word' id='word_1_141' title='bbox 997 2783 1087 2856; x_wconf 77' lang='lat' dir='ltr'><strong>sese</strong></span> <span class='ocrx_word' id='word_1_142' title='bbox 1120 2757 1270 2870; x_wconf 84' lang='lat' dir='ltr'><strong>possit.</strong></span> <span class='ocrx_word' id='word_1_143' title='bbox 1304 2780 1530 2866; x_wconf 66' lang='lat' dir='ltr'><strong>(sarmatas.</strong></span> <span class='ocrx_word' id='word_1_144' title='bbox 1563 2800 1580 2840; x_wconf 65' lang='grc' dir='ltr'><strong><em>ο</em></strong></span> <span class='ocrx_word' id='word_1_145' title='bbox 1619 2802 1650 2866; x_wconf 72' lang='grc' dir='ltr'><strong>ρ.</strong></span> <span class='ocrx_word' id='word_1_146' title='bbox 1681 2779 1761 2864; x_wconf 87' lang='lat' dir='ltr'><strong>7s)·</strong></span> 
     </span>
     <span class='ocr_line' id='line_1_19' title="bbox 536 2871 2316 3012; baseline -0.003 -42"><span class='ocrx_word' id='word_1_147' title='bbox 536 2871 546 2894; x_wconf 63' lang='lat'>⁵</span> <span class='ocrx_word' id='word_1_148' title='bbox 570 2935 573 2940; x_wconf 94' lang='lat'>·</span> <span class='ocrx_word' id='word_1_149' title='bbox 608 2882 652 3004; x_wconf 75' lang='lat' dir='ltr'><strong>c)</strong></span> <span class='ocrx_word' id='word_1_150' title='bbox 671 2883 1007 2971; x_wconf 71' lang='lat' dir='ltr'><strong>detractionem</strong></span> <span class='ocrx_word' id='word_1_151' title='bbox 1024 2884 1202 2968; x_wconf 86' lang='lat' dir='ltr'><strong>arteriae</strong></span> <span class='ocrx_word' id='word_1_152' title='bbox 1220 2883 1268 2967; x_wconf 94' lang='lat' dir='ltr'><strong>in</strong></span> <span class='ocrx_word' id='word_1_153' title='bbox 1287 2885 1374 2966; x_wconf 92' lang='lat' dir='ltr'><strong>hoc</strong></span> <span class='ocrx_word' id='word_1_154' title='bbox 1393 2909 1493 2966; x_wconf 87' lang='lat' dir='ltr'><strong>casu</strong></span> <span class='ocrx_word' id='word_1_155' title='bbox 1509 2880 1692 2965; x_wconf 88' lang='lat' dir='ltr'><strong>minime</strong></span> <span class='ocrx_word' id='word_1_156' title='bbox 1709 2889 1767 2969; x_wconf 87' lang='lat' dir='ltr'><strong>ad</strong></span> <span class='ocrx_word' id='word_1_157' title='bbox 1782 2883 2144 3012; x_wconf 83' lang='lat' dir='ltr'><strong>haemorrhagiam</strong></span> <span class='ocrx_word' id='word_1_158' title='bbox 2163 2883 2316 2969; x_wconf 86' lang='lat' dir='ltr'><strong>sisten-</strong></span> 
     </span>
     <span class='ocr_line' id='line_1_20' title="bbox 541 3007 2315 3126; baseline -0.005 -26"><span class='ocrx_word' id='word_1_159' title='bbox 541 3017 644 3100; x_wconf 90' lang='lat' dir='ltr'><strong>dam</strong></span> <span class='ocrx_word' id='word_1_160' title='bbox 695 3009 902 3096; x_wconf 87' lang='lat' dir='ltr'><strong>conferre</strong></span> <span class='ocrx_word' id='word_1_161' title='bbox 952 3035 1110 3126; x_wconf 84' lang='lat' dir='ltr'><strong>posse3</strong></span> <span class='ocrx_word' id='word_1_162' title='bbox 1162 3011 1330 3124; x_wconf 89' lang='lat' dir='ltr'><strong>quippe</strong></span> <span class='ocrx_word' id='word_1_163' title='bbox 1371 3007 1497 3120; x_wconf 84' lang='lat' dir='ltr'><strong>quia</strong></span> <span class='ocrx_word' id='word_1_164' title='bbox 1511 3034 1583 3092; x_wconf 86' lang='lat' dir='ltr'><strong>vas</strong></span> <span class='ocrx_word' id='word_1_165' title='bbox 1615 3014 1671 3092; x_wconf 88' lang='lat' dir='ltr'><strong>ad</strong></span> <span class='ocrx_word' id='word_1_166' title='bbox 1708 3020 1913 3095; x_wconf 87' lang='lat' dir='ltr'><strong>truncum</strong></span> <span class='ocrx_word' id='word_1_167' title='bbox 1947 3037 2072 3095; x_wconf 89' lang='lat' dir='ltr'><strong>suum</strong></span> <span class='ocrx_word' id='word_1_168' title='bbox 2104 3011 2315 3124; x_wconf 89' lang='lat' dir='ltr'><strong>proxime</strong></span> 
     </span>
     <span class='ocr_line' id='line_1_21' title="bbox 541 3133 2315 3248; baseline -0.003 -25"><span class='ocrx_word' id='word_1_169' title='bbox 541 3141 731 3224; x_wconf 88' lang='lat' dir='ltr'><strong>adiacet.</strong></span> <span class='ocrx_word' id='word_1_170' title='bbox 764 3137 895 3222; x_wconf 89' lang='lat' dir='ltr'><strong>Hanc</strong></span> <span class='ocrx_word' id='word_1_171' title='bbox 930 3139 989 3224; x_wconf 93' lang='lat' dir='ltr'><strong>ob</strong></span> <span class='ocrx_word' id='word_1_172' title='bbox 1023 3159 1191 3248; x_wconf 86' lang='lat' dir='ltr'><strong>causam</strong></span> <span class='ocrx_word' id='word_1_173' title='bbox 1226 3133 1405 3220; x_wconf 86' lang='lat' dir='ltr'><strong>arteriae</strong></span> <span class='ocrx_word' id='word_1_174' title='bbox 1438 3133 1524 3221; x_wconf 88' lang='lat' dir='ltr'><strong>vis</strong></span> <span class='ocrx_word' id='word_1_175' title='bbox 1546 3161 1639 3220; x_wconf 87' lang='lat' dir='ltr'><strong>sese</strong></span> <span class='ocrx_word' id='word_1_176' title='bbox 1672 3137 1971 3223; x_wconf 87' lang='lat' dir='ltr'><strong>contrahendi</strong></span> <span class='ocrx_word' id='word_1_177' title='bbox 2003 3135 2315 3222; x_wconf 87' lang='lat' dir='ltr'><strong>vehementem</strong></span> 
     </span>
     <span class='ocr_line' id='line_1_22' title="bbox 543 3253 2315 3378; baseline -0.001 -30"><span class='ocrx_word' id='word_1_178' title='bbox 543 3253 758 3378; x_wconf 80' lang='lat' dir='ltr'><strong>impetum</strong></span> <span class='ocrx_word' id='word_1_179' title='bbox 807 3265 1064 3374; x_wconf 83' lang='lat' dir='ltr'><strong>sanguineae</strong></span> <span class='ocrx_word' id='word_1_180' title='bbox 1113 3265 1250 3346; x_wconf 85' lang='lat' dir='ltr'><strong>undae</strong></span> <span class='ocrx_word' id='word_1_181' title='bbox 1284 3291 1309 3345; x_wconf 88' lang='lat' dir='ltr'><strong>a</strong></span> <span class='ocrx_word' id='word_1_182' title='bbox 1342 3265 1477 3346; x_wconf 89' lang='lat' dir='ltr'><strong>corde</strong></span> <span class='ocrx_word' id='word_1_183' title='bbox 1527 3257 1714 3349; x_wconf 86' lang='lat' dir='ltr'><strong>fluentis</strong></span> <span class='ocrx_word' id='word_1_184' title='bbox 1764 3265 1865 3350; x_wconf 87' lang='lat' dir='ltr'><strong>satis</strong></span> <span class='ocrx_word' id='word_1_185' title='bbox 1897 3265 2103 3350; x_wconf 88' lang='lat' dir='ltr'><strong>resistere</strong></span> <span class='ocrx_word' id='word_1_186' title='bbox 2136 3264 2315 3373; x_wconf 92' lang='lat' dir='ltr'><strong>nequit,</strong></span> 
     </span>
    </p>
   </div>
   <div class='ocr_carea' id='block_1_7' title="bbox 473 3371 2316 3644">
    <p class='ocr_par' dir='ltr' id='par_1_9' title="bbox 473 3371 2316 3644">
     <span class='ocr_line' id='line_1_23' title="bbox 543 3371 2316 3508; baseline -0.017 -29"><span class='ocrx_word' id='word_1_187' title='bbox 543 3417 695 3502; x_wconf 75' lang='lat' dir='ltr'><strong>neque</strong></span> <span class='ocrx_word' id='word_1_188' title='bbox 732 3400 902 3503; x_wconf 87' lang='lat' dir='ltr'><strong>tempus</strong></span> <span class='ocrx_word' id='word_1_189' title='bbox 935 3389 1006 3472; x_wconf 91' lang='lat' dir='ltr'><strong>illi</strong></span> <span class='ocrx_word' id='word_1_190' title='bbox 1038 3387 1212 3474; x_wconf 81' lang='lat' dir='ltr'><strong>suflicit</strong></span> <span class='ocrx_word' id='word_1_191' title='bbox 1243 3392 1301 3471; x_wconf 90' lang='lat' dir='ltr'><strong>ad</strong></span> <span class='ocrx_word' id='word_1_192' title='bbox 1331 3391 1418 3472; x_wconf 89' lang='lat' dir='ltr'><strong>hoc</strong></span> <span class='ocrx_word' id='word_1_193' title='bbox 1451 3371 1821 3502; x_wconf 89' lang='lat' dir='ltr'><strong>impedimentum</strong></span> <span class='ocrx_word' id='word_1_194' title='bbox 1853 3420 1935 3508; x_wconf 82' lang='lat' dir='ltr'><strong>per</strong></span> <span class='ocrx_word' id='word_1_195' title='bbox 1967 3392 2166 3480; x_wconf 68' lang='lat' dir='ltr'><strong>debitam</strong></span> <span class='ocrx_word' id='word_1_196' title='bbox 2191 3417 2316 3474; x_wconf 63' lang='lat' dir='ltr'><strong>cm.</strong></span> 
     </span>
     <span class='ocr_line' id='line_1_24' title="bbox 473 3515 2249 3644; baseline -0.03 -40"><span class='ocrx_word' id='word_1_197' title='bbox 473 3629 481 3644; x_wconf 94' lang='lat'><strong>.</strong></span> <span class='ocrx_word' id='word_1_198' title='bbox 523 3517 600 3636; x_wconf 54' lang='lat' dir='ltr'><strong>[lis</strong></span> <span class='ocrx_word' id='word_1_199' title='bbox 633 3543 735 3602; x_wconf 89' lang='lat' dir='ltr'><strong>suae</strong></span> <span class='ocrx_word' id='word_1_200' title='bbox 770 3515 1154 3600; x_wconf 88' lang='lat' dir='ltr'><strong>oblitterationem</strong></span> <span class='ocrx_word' id='word_1_201' title='bbox 1191 3516 1456 3600; x_wconf 86' lang='lat' dir='ltr'><strong>tollendum.</strong></span> <span class='ocrx_word' id='word_1_202' title='bbox 2245 3557 2249 3564; x_wconf 64' lang='grc'><em>,</em></span> 
     </span>
    </p>
   </div>
   <div class='ocr_carea' id='block_1_8' title="bbox 465 3639 2364 4390">
    <p class='ocr_par' dir='ltr' id='par_1_10' title="bbox 465 3639 2364 4003">
     <span class='ocr_line' id='line_1_25' title="bbox 610 3639 2364 3759; baseline -0.001 -33"><span class='ocrx_word' id='word_1_203' title='bbox 610 3639 659 3759; x_wconf 88' lang='lat' dir='ltr'><strong>d)</strong></span> <span class='ocrx_word' id='word_1_204' title='bbox 693 3641 794 3724; x_wconf 92' lang='lat' dir='ltr'><strong>Hoc</strong></span> <span class='ocrx_word' id='word_1_205' title='bbox 829 3641 961 3726; x_wconf 91' lang='lat' dir='ltr'><strong>etiam</strong></span> <span class='ocrx_word' id='word_1_206' title='bbox 994 3647 1125 3725; x_wconf 91' lang='lat' dir='ltr'><strong>modo</strong></span> <span class='ocrx_word' id='word_1_207' title='bbox 1158 3639 1340 3725; x_wconf 90' lang='lat' dir='ltr'><strong>minime</strong></span> <span class='ocrx_word' id='word_1_208' title='bbox 1375 3667 1454 3746; x_wconf 87' lang='lat' dir='ltr'><strong>nos</strong></span> <span class='ocrx_word' id='word_1_209' title='bbox 1494 3654 1637 3727; x_wconf 90' lang='lat' dir='ltr'><strong>certos</strong></span> <span class='ocrx_word' id='word_1_210' title='bbox 1687 3639 1792 3730; x_wconf 88' lang='lat' dir='ltr'><strong>fieri</strong></span> <span class='ocrx_word' id='word_1_211' title='bbox 1840 3671 1980 3759; x_wconf 89' lang='lat' dir='ltr'><strong>posse,</strong></span> <span class='ocrx_word' id='word_1_212' title='bbox 2028 3671 2180 3728; x_wconf 90' lang='lat' dir='ltr'><strong>annon</strong></span> <span class='ocrx_word' id='word_1_213' title='bbox 2228 3641 2315 3727; x_wconf 85' lang='lat' dir='ltr'><strong>alia</strong></span> <span class='ocrx_word' id='word_1_214' title='bbox 2352 3659 2364 3678; x_wconf 91' lang='lat'><strong>·</strong></span> 
     </span>
     <span class='ocr_line' id='line_1_26' title="bbox 545 3767 2317 3912; baseline 0.001 -60"><span class='ocrx_word' id='word_1_215' title='bbox 545 3773 752 3912; x_wconf 87' lang='lat' dir='ltr'><strong>quaedam</strong></span> <span class='ocrx_word' id='word_1_216' title='bbox 785 3767 966 3878; x_wconf 84' lang='lat' dir='ltr'><strong>interna</strong></span> <span class='ocrx_word' id='word_1_217' title='bbox 999 3767 1138 3875; x_wconf 86' lang='lat' dir='ltr'><strong>laesio,</strong></span> <span class='ocrx_word' id='word_1_218' title='bbox 1172 3796 1275 3877; x_wconf 87' lang='lat' dir='ltr'><strong>quae</strong></span> <span class='ocrx_word' id='word_1_219' title='bbox 1307 3769 1419 3852; x_wconf 86' lang='lat' dir='ltr'><strong>latet</strong></span> <span class='ocrx_word' id='word_1_220' title='bbox 1458 3769 1538 3851; x_wconf 88' lang='lat' dir='ltr'><strong>sub</strong></span> <span class='ocrx_word' id='word_1_221' title='bbox 1558 3776 1768 3879; x_wconf 88' lang='lat' dir='ltr'><strong>turunda,</strong></span> <span class='ocrx_word' id='word_1_222' title='bbox 1802 3772 2087 3858; x_wconf 86' lang='lat' dir='ltr'><strong>extrinsecus</strong></span> <span class='ocrx_word' id='word_1_223' title='bbox 2104 3772 2154 3858; x_wconf 94' lang='lat' dir='ltr'><strong>in</strong></span> <span class='ocrx_word' id='word_1_224' title='bbox 2175 3773 2317 3904; x_wconf 84' lang='lat' dir='ltr'><strong>tlrora·</strong></span> 
     </span>
     <span class='ocr_line' id='line_1_27' title="bbox 465 3893 1560 4020; baseline -0.002 -40"><span class='ocrx_word' id='word_1_225' title='bbox 465 3982 470 3990; x_wconf 79' lang='grc'>,</span> <span class='ocrx_word' id='word_1_226' title='bbox 545 3909 642 3982; x_wconf 85' lang='lat' dir='ltr'><strong>cem</strong></span> <span class='ocrx_word' id='word_1_227' title='bbox 676 3893 868 4001; x_wconf 79' lang='lat' dir='ltr'><strong>inmissa,</strong></span> <span class='ocrx_word' id='word_1_228' title='bbox 901 3895 1058 3978; x_wconf 82' lang='grc' dir='ltr'><strong>Ιοοιιιιι</strong></span> <span class='ocrx_word' id='word_1_229' title='bbox 1083 3895 1245 3979; x_wconf 86' lang='lat' dir='ltr'><strong>habeat</strong></span> <span class='ocrx_word' id='word_1_230' title='bbox 1278 3906 1326 3978; x_wconf 89' lang='lat' dir='ltr'><strong>et</strong></span> <span class='ocrx_word' id='word_1_231' title='bbox 1358 3893 1560 4020; x_wconf 82' lang='lat' dir='ltr'><strong>denique</strong></span> 
     </span>
    </p>

    <p class='ocr_par' dir='ltr' id='par_1_11' title="bbox 535 4001 2320 4390">
     <span class='ocr_line' id='line_1_28' title="bbox 609 4001 2320 4147; baseline 0.002 -43.064"><span class='ocrx_word' id='word_1_232' title='bbox 609 4017 655 4138; x_wconf 77' lang='lat' dir='ltr'><strong>e)</strong></span> <span class='ocrx_word' id='word_1_233' title='bbox 689 4047 788 4104; x_wconf 92' lang='lat' dir='ltr'><strong>cum</strong></span> <span class='ocrx_word' id='word_1_234' title='bbox 822 4020 1007 4106; x_wconf 86' lang='lat' dir='ltr'><strong>laesione</strong></span> <span class='ocrx_word' id='word_1_235' title='bbox 1039 4021 1225 4104; x_wconf 77' lang='lat' dir='ltr'><strong>arteriae</strong></span> <span class='ocrx_word' id='word_1_236' title='bbox 1252 4021 1548 4108; x_wconf 86' lang='lat' dir='ltr'><strong>interccstalis</strong></span> <span class='ocrx_word' id='word_1_237' title='bbox 1581 4023 1817 4131; x_wconf 87' lang='lat' dir='ltr'><strong>quadam&#39;</strong></span> <span class='ocrx_word' id='word_1_238' title='bbox 1803 4050 1854 4108; x_wconf 88' lang='grc' dir='ltr'><strong>ιιι</strong></span> <span class='ocrx_word' id='word_1_239' title='bbox 1886 4033 2103 4139; x_wconf 87' lang='lat' dir='ltr'><strong>pectore,</strong></span> <span class='ocrx_word' id='word_1_240' title='bbox 2123 4035 2177 4109; x_wconf 89' lang='lat' dir='ltr'><strong>ut</strong></span> <span class='ocrx_word' id='word_1_241' title='bbox 2216 4001 2320 4147; x_wconf 65' lang='lat' dir='ltr'><strong>ple-⁴</strong></span> 
     </span>
     <span class='ocr_line' id='line_1_29' title="bbox 535 4145 2314 4262; baseline 0.002 -31"><span class='ocrx_word' id='word_1_242' title='bbox 535 4172 735 4258; x_wconf 87' lang='lat' dir='ltr'><strong>rumque</strong></span> <span class='ocrx_word' id='word_1_243' title='bbox 768 4145 841 4256; x_wconf 90' lang='lat' dir='ltr'><strong>fit,</strong></span> <span class='ocrx_word' id='word_1_244' title='bbox 875 4148 1237 4232; x_wconf 83' lang='lat' dir='ltr'><strong>extravasatione</strong></span> <span class='ocrx_word' id='word_1_245' title='bbox 1271 4148 1400 4234; x_wconf 86' lang='lat' dir='ltr'><strong>simul</strong></span> <span class='ocrx_word' id='word_1_246' title='bbox 1434 4148 1684 4255; x_wconf 70' lang='lat' dir='ltr'><strong>existente,</strong></span> <span class='ocrx_word' id='word_1_247' title='bbox 1713 4176 1797 4262; x_wconf 92' lang='lat' dir='ltr'><strong>per</strong></span> <span class='ocrx_word' id='word_1_248' title='bbox 1828 4150 2035 4238; x_wconf 80' lang='lat' dir='ltr'><strong>Tnenmu</strong></span> <span class='ocrx_word' id='word_1_249' title='bbox 2051 4154 2314 4242; x_wconf 84' lang='lat' dir='ltr'><strong>methodum</strong></span> 
     </span>
     <span class='ocr_line' id='line_1_30' title="bbox 547 4269 1982 4390; baseline 0.003 -30"><span class='ocrx_word' id='word_1_250' title='bbox 547 4269 806 4386; x_wconf 73' lang='lat' dir='ltr'><strong>sanguinem</strong></span> <span class='ocrx_word' id='word_1_251' title='bbox 840 4300 867 4361; x_wconf 88' lang='lat' dir='ltr'><strong>e</strong></span> <span class='ocrx_word' id='word_1_252' title='bbox 899 4273 1090 4360; x_wconf 80' lang='lat' dir='ltr'><strong>vulnere</strong></span> <span class='ocrx_word' id='word_1_253' title='bbox 1123 4285 1451 4362; x_wconf 85' lang='lat' dir='ltr'><strong>extravasatum</strong></span> <span class='ocrx_word' id='word_1_254' title='bbox 1486 4273 1634 4357; x_wconf 87' lang='lat' dir='ltr'><strong>emitti</strong></span> <span class='ocrx_word' id='word_1_255' title='bbox 1666 4303 1760 4360; x_wconf 90' lang='lat' dir='ltr'><strong>non</strong></span> <span class='ocrx_word' id='word_1_256' title='bbox 1792 4272 1982 4390; x_wconf 54' lang='lat' dir='ltr'><strong>possm).</strong></span> 
     </span>
    </p>
   </div>
   <div class='ocr_carea' id='block_1_9' title="bbox 1392 4441 1525 4554">
    <p class='ocr_par' dir='ltr' id='par_1_12' title="bbox 1392 4441 1525 4554">
     <span class='ocr_line' id='line_1_31' title="bbox 1392 4441 1525 4554; baseline -0.075 0"><span class='ocrx_word' id='word_1_257' title='bbox 1392 4441 1417 4554; x_wconf 79' lang='lat' dir='ltr'><strong>i</strong></span> <span class='ocrx_word' id='word_1_258' title='bbox 1454 4467 1525 4545; x_wconf 85' lang='lat'><strong>70·</strong></span> 
     </span>
    </p>
   </div>
   <div class='ocr_carea' id='block_1_10' title="bbox 518 4601 2318 5146">
    <p class='ocr_par' dir='ltr' id='par_1_13' title="bbox 518 4601 2318 5104">
     <span class='ocr_line' id='line_1_32' title="bbox 611 4601 2317 4724; baseline 0.002 -33"><span class='ocrx_word' id='word_1_259' title='bbox 611 4603 750 4691; x_wconf 86' lang='lat' dir='ltr'><strong>Certe</strong></span> <span class='ocrx_word' id='word_1_260' title='bbox 784 4601 966 4714; x_wconf 90' lang='lat' dir='ltr'><strong>quidem</strong></span> <span class='ocrx_word' id='word_1_261' title='bbox 1002 4609 1339 4690; x_wconf 85' lang='lat' dir='ltr'><strong>concedendurn</strong></span> <span class='ocrx_word' id='word_1_262' title='bbox 1375 4617 1455 4715; x_wconf 86' lang='lat' dir='ltr'><strong>est,</strong></span> <span class='ocrx_word' id='word_1_263' title='bbox 1487 4607 1604 4691; x_wconf 87' lang='lat' dir='ltr'><strong>hanc</strong></span> <span class='ocrx_word' id='word_1_264' title='bbox 1637 4608 1959 4724; x_wconf 88' lang='lat' dir='ltr'><strong>operationem,</strong></span> <span class='ocrx_word' id='word_1_265' title='bbox 1974 4633 2153 4724; x_wconf 70' lang='lat' dir='ltr'><strong>nempe¹</strong></span> <span class='ocrx_word' id='word_1_266' title='bbox 2170 4609 2317 4694; x_wconf 91' lang='lat' dir='ltr'><strong>conci-</strong></span> 
     </span>
     <span class='ocr_line' id='line_1_33' title="bbox 518 4727 2318 4854; baseline 0.002 -37"><span class='ocrx_word' id='word_1_267' title='bbox 518 4733 716 4817; x_wconf 80' lang='lat' dir='ltr'><strong>·aionem</strong></span> <span class='ocrx_word' id='word_1_268' title='bbox 749 4729 926 4814; x_wconf 86' lang='lat' dir='ltr'><strong>arteriae</strong></span> <span class='ocrx_word' id='word_1_269' title='bbox 960 4730 1010 4814; x_wconf 93' lang='lat' dir='ltr'><strong>in</strong></span> <span class='ocrx_word' id='word_1_270' title='bbox 1043 4733 1180 4854; x_wconf 82' lang='lat' dir='ltr'><strong>sulco,</strong></span> <span class='ocrx_word' id='word_1_271' title='bbox 1222 4743 1274 4815; x_wconf 90' lang='lat' dir='ltr'><strong>ut</strong></span> <span class='ocrx_word' id='word_1_272' title='bbox 1307 4733 1400 4845; x_wconf 82' lang='lat' dir='ltr'><strong>ipse</strong></span> <span class='ocrx_word' id='word_1_273' title='bbox 1447 4727 1626 4820; x_wconf 60' lang='lat' dir='ltr'><strong>auctori)</strong></span> <span class='ocrx_word' id='word_1_274' title='bbox 1658 4737 1877 4843; x_wconf 84' lang='lat' dir='ltr'><strong>observat,</strong></span> <span class='ocrx_word' id='word_1_275' title='bbox 1926 4737 2117 4822; x_wconf 90' lang='lat' dir='ltr'><strong>multum</strong></span> <span class='ocrx_word' id='word_1_276' title='bbox 2165 4763 2318 4852; x_wconf 84' lang='lat' dir='ltr'><strong>operae</strong></span> 
     </span>
     <span class='ocr_line' id='line_1_34' title="bbox 545 4855 2317 4975; baseline 0.003 -33"><span class='ocrx_word' id='word_1_277' title='bbox 545 4859 781 4969; x_wconf 90' lang='lat' dir='ltr'><strong>requirere</strong></span> <span class='ocrx_word' id='word_1_278' title='bbox 815 4855 865 4940; x_wconf 93' lang='lat' dir='ltr'><strong>in</strong></span> <span class='ocrx_word' id='word_1_279' title='bbox 898 4857 1078 4940; x_wconf 90' lang='lat' dir='ltr'><strong>homine</strong></span> <span class='ocrx_word' id='word_1_280' title='bbox 1111 4859 1257 4943; x_wconf 87' lang='lat' dir='ltr'><strong>minus</strong></span> <span class='ocrx_word' id='word_1_281' title='bbox 1291 4859 1557 4946; x_wconf 84' lang='lat' dir='ltr'><strong>exercitato.</strong></span> <span class='ocrx_word' id='word_1_282' title='bbox 1589 4855 1804 4946; x_wconf 81' lang='lat' dir='ltr'><strong>Atlamen</strong></span> <span class='ocrx_word' id='word_1_283' title='bbox 1838 4863 1888 4948; x_wconf 92' lang='lat' dir='ltr'><strong>id</strong></span> <span class='ocrx_word' id='word_1_284' title='bbox 1918 4889 2202 4975; x_wconf 87' lang='lat' dir='ltr'><strong>nequaquam</strong></span> <span class='ocrx_word' id='word_1_285' title='bbox 2234 4891 2317 4948; x_wconf 86' lang='lat' dir='ltr'><strong>nos</strong></span> 
     </span>
     <span class='ocr_line' id='line_1_35' title="bbox 547 4983 2317 5146; baseline 0.004 -77.108"><span class='ocrx_word' id='word_1_286' title='bbox 547 4989 771 5070; x_wconf 86' lang='lat' dir='ltr'><strong>adducere</strong></span> <span class='ocrx_word' id='word_1_287' title='bbox 805 4986 943 5070; x_wconf 86' lang='lat' dir='ltr'><strong>debet</strong></span> <span class='ocrx_word' id='word_1_288' title='bbox 975 4985 1079 5066; x_wconf 84' lang='lat' dir='ltr'><strong>actu</strong></span> <span class='ocrx_word' id='word_1_289' title='bbox 1111 4985 1294 5095; x_wconf 91' lang='lat' dir='ltr'><strong>quidem</strong></span> <span class='ocrx_word' id='word_1_290' title='bbox 1327 4983 1589 5146; x_wconf 82' lang='lat' dir='ltr'><strong>faciliorem,</strong></span> <span class='ocrx_word' id='word_1_291' title='bbox 1606 4993 1684 5076; x_wconf 87' lang='lat' dir='ltr'><strong>sed</strong></span> <span class='ocrx_word' id='word_1_292' title='bbox 1714 4989 1863 5078; x_wconf 84' lang='lat' dir='ltr'><strong>minus</strong></span> <span class='ocrx_word' id='word_1_293' title='bbox 1894 5001 2060 5078; x_wconf 87' lang='lat' dir='ltr'><strong>certam</strong></span> <span class='ocrx_word' id='word_1_294' title='bbox 2093 4995 2317 5104; x_wconf 80' lang='lat' dir='ltr'><strong>quandam</strong></span> 
     </span>
    </p>
   </div>
   <div class='ocr_carea' id='block_1_11' title="bbox 547 5117 1058 5142">
    <p class='ocr_par' dir='ltr' id='par_1_14' title="bbox 547 5117 1058 5142">
     <span class='ocr_line' id='line_1_36' title="bbox 547 5117 1058 5142; baseline -0.01 -7"><span class='ocrx_word' id='word_1_295' title='bbox 547 5117 1058 5142; x_wconf 55' lang='lat' dir='ltr'><em>W</em></span> 
     </span>
    </p>
   </div>
   <div class='ocr_carea' id='block_1_12' title="bbox 547 5144 1463 5344">
    <p class='ocr_par' dir='ltr' id='par_1_15' title="bbox 547 5144 1463 5344">
     <span class='ocr_line' id='line_1_37' title="bbox 547 5144 1159 5241; baseline -0.012 -20.721"><span class='ocrx_word' id='word_1_296' title='bbox 547 5153 688 5241; x_wconf 73' lang='lat' dir='ltr'><strong>rt)Vau</strong></span> <span class='ocrx_word' id='word_1_297' title='bbox 714 5171 872 5217; x_wconf 79' lang='lat' dir='ltr'><strong>orscaan.</strong></span> <span class='ocrx_word' id='word_1_298' title='bbox 901 5144 924 5216; x_wconf 92' lang='lat' dir='ltr'><strong>l.</strong></span> <span class='ocrx_word' id='word_1_299' title='bbox 953 5169 983 5215; x_wconf 90' lang='lat' dir='ltr'><strong>c</strong></span> <span class='ocrx_word' id='word_1_300' title='bbox 1010 5169 1045 5240; x_wconf 91' lang='lat' dir='ltr'><strong>p.</strong></span> <span class='ocrx_word' id='word_1_301' title='bbox 1076 5149 1159 5235; x_wconf 81' lang='lat'><em>559.</em></span> 
     </span>
     <span class='ocr_line' id='line_1_38' title="bbox 547 5243 1463 5344; baseline -0.013 -22"><span class='ocrx_word' id='word_1_302' title='bbox 547 5253 757 5344; x_wconf 77' lang='lat' dir='ltr'><strong>1)Tuaurn.</strong></span> <span class='ocrx_word' id='word_1_303' title='bbox 786 5251 809 5318; x_wconf 88' lang='lat' dir='ltr'><strong>l.</strong></span> <span class='ocrx_word' id='word_1_304' title='bbox 839 5269 869 5318; x_wconf 89' lang='lat' dir='ltr'><strong>c.</strong></span> <span class='ocrx_word' id='word_1_305' title='bbox 896 5255 937 5320; x_wconf 85' lang='grc' dir='ltr'><strong>Τ.</strong></span> <span class='ocrx_word' id='word_1_306' title='bbox 966 5255 993 5318; x_wconf 90' lang='lat'><strong>1.</strong></span> <span class='ocrx_word' id='word_1_307' title='bbox 1021 5243 1110 5317; x_wconf 82' lang='lat' dir='ltr'><strong>Sect.</strong></span> <span class='ocrx_word' id='word_1_308' title='bbox 1138 5243 1171 5318; x_wconf 95' lang='grc'><strong>5.</strong></span> <span class='ocrx_word' id='word_1_309' title='bbox 1198 5271 1233 5338; x_wconf 92' lang='lat' dir='ltr'><strong>p.</strong></span> <span class='ocrx_word' id='word_1_310' title='bbox 1264 5255 1323 5317; x_wconf 80' lang='lat'><strong>61.</strong></span> <span class='ocrx_word' id='word_1_311' title='bbox 1421 5271 1463 5337; x_wconf 75' lang='lat'>.‘·.</span> 
     </span>
    </p>
   </div>
   <div class='ocr_carea' id='block_1_13' title="bbox 0 0 2497 6048">
    <p class='ocr_par' dir='ltr' id='par_1_16' title="bbox 0 0 2497 6048">
     <span class='ocr_line' id='line_1_39' title="bbox 0 0 2497 6048; baseline 0 0"><span class='ocrx_word' id='word_1_312' title='bbox 0 0 2497 6048; x_wconf 95' lang='lat' dir='ltr'><strong> </strong></span> 
     </span>
    </p>
   </div>
  </div>
 </body>
</html>
