4942 6048
980 397 1146 520 ‚1¹7⁰

116 615 284 720 culis
316 584 676 721 intercostalibus
709 645 839 722 caute
871 636 1096 750 separatis,
1129 636 1285 762 pleura
1319 635 1376 718 ad
1414 636 1594 719 modum
1643 631 1815 742 solidae,
1868 635 1952 720 du'·

166 789 232 856 rae
264 761 500 873 lirrnaeque
533 767 801 848 membranae
835 790 1047 878 expansae
1084 763 1206 872 tangi
1239 773 1415 876 poterat
1448 783 1483 868 (ς
1503 784 1617 868 ιιι),
1673 789 1777 872 quae
1821 763 1946 847 allisa

165 890 319 974 asseris
352 891 542 1003 speciem
577 889 937 1004 praeseferebat.
971 889 1165 1004 Propter
1199 891 1313 973 hanc
1347 889 1720 974 circumstantiam
1739 889 1945 1003 operatio
2011 929 2015 946 ·

167 1014 386 1099 hocloco
419 1022 671 1130 peragenda
705 1045 803 1109 non
829 1016 1033 1102 feliciter
1066 1028 1285 1100 eventura
1319 1040 1410 1100 esse
1444 1015 1760 1128 suspicabatur.
1778 1017 1943 1100 Dilata·
1995 1081 1998 1092 .

168 1141 232 1224 tio
261 1141 357 1255 ipsa
389 1146 687 1228 musculorum
720 1143 1073 1230 intercostalium
1106 1169 1255 1228 versus
1288 1169 1335 1228 os
1369 1143 1510 1227 sterni
1545 1147 1737 1226 eundem
1771 1129 1943 1254 pleurae

166 1278 328 1353 statum
361 1281 513 1356 nostro
545 1271 773 1383 proposito
805 1275 1035 1356 adversum
1071 1267 1243 1379 ubique
1276 1272 1555 1356 ostendebat.
1606 1269 1707 1352 Ex
1734 1278 1942 1382 apertura

163 1391 215 1476 in
247 1421 410 1480 strmma
447 1397 636 1481 thoracis
669 1396 982 1483 incurvatione
999 1405 1130 1479 caute
1157 1394 1287 1502 facta,
1321 1424 1380 1481 ne
1413 1423 1502 1479 una
1520 1394 1704 1504 quidem
1723 1405 1848 1505 gutta
1867 1415 1945 1508 pua
2048 1389 2052 1405 '

161 1521 223 1606 ris
255 1523 481 1638 prorupit,
523 1527 647 1633 quod
683 1534 827 1608 tamen
861 1533 1055 1632 aegrotus
1089 1522 1382 1606 nibilominus
1417 1523 1539 1606 inter
1563 1521 1663 1608 illas
1680 1525 1943 1638 enchcreses
1981 1619 1987 1632 .

127 1649 446 1734 abundanter
475 1649 676 1734 *eiicere
711 1651 1021 1762 continuebat.
1063 1647 1180 1732 Inde
1214 1650 1359 1733 statim
1392 1650 1523 1733 nobis
1554 1647 1777 1762 persuasio
1810 1641 1968 1757 facta,

160 1775 361 1885 pleuram
389 1778 594 1860 hocloco
628 1804 726 1860 oum
760 1778 972 1891 pulmone
1007 1775 1233 1884 coaluisse,
1266 1775 1380 1858 Tum
1415 1800 1538 1881 vero,
1555 1775 1635 1857 ubi
1653 1775 1856 1858 dilatatio
1876 1774 1970 1856 inu
2060 1863 2062 1876 ,

161 1899 341 1986 cisionis
359 1923 549 2010 (ιιιιμ.)
572 1906 629 1984 ad
644 1905 886 1988 nonnullos
918 1901 1106 2016 pollices
1136 1901 1335 1989 anterius
1375 1903 1507 2016 paulo
1540 1911 1732 2015 peracta,
1766 1900 1940 1985 ellectu

159 2027 375 2111 destituta
408 2039 488 2136 est,
521 2029 743 2172 apparuit,
775 2029 1008 2144 pulmones
1039 2029 1211 2142 pleurae
1244 2029 1450 2139 undique
1470 2038 1552 2110 tam
1573 2027 1767 2112 firmiter
1785 2029 1976 2112 adhaer

158 2151 295 2258 sisse,
314 2165 485 2238 utnon
517 2155 606 2240 nisi
648 2157 867 2263 violento,
900 2183 955 2240 ao
983 2156 1114 2240 valde
1146 2155 1398 2269 periculoso
1432 2158 1564 2238 modo
1581 2155 1858 2269 procedendi
1875 2181 1942 2238 se·

157 2277 303 2391 parari
320 2286 514 2394 possent
546 2281 764 2368 Consilio
781 2293 930 2370 aulem
962 2280 1157 2396 pectorrs
1174 2309 1327 2365 cavum
1361 2281 1495 2365 alio
1482 2308 1532 2364 ιιι
1565 2283 1670 2366 loco
1687 2276 1938 2396 aperiendr,

158 2431 310 2516 neque
343 2413 565 2516 aegrotus,
600 2409 681 2518 qui
712 2407 960 2494 medicus
946 2434 1039 2522 rpse
1073 2419 1121 2492 et
1157 2409 1357 2494 tristem
1352 2408 1504 2524 ipsius
1537 2419 1697 2492 statum
1731 2419 1778 2494 et
1813 2407 1941 2491 dubi·

157 2555 233 2614 um
282 2533 499 2622 eiusmodi
539 2561 765 2649 processus
798 2545 1011 2620 eventum
1045 2535 1147 2618 satis
1179 2537 1297 2618 bene
1330 2535 1644 2676 prospiciebat,
1679 2561 1940 2619 consensrun

156 2683 283 2742 suum
326 2659 536 2766 dedisset,
580 2687 734 2770 neque
765 2659 956 2746 etiam'
942 2661 1025 2782 rpsi
1060 2659 1326 2780 doctissimo,
1360 2671 1497 2769 atque
1530 2661 1580 2744 in
1614 2663 1696 2752 hac
1720 2669 1817 2744 arte
1842 2685 1939 2744 ver·
2017 2659 2021 2668 “

155 2785 366 2900 satissimo
382 2786 608 2898 operatori
641 2786 919 2872 subscribere
953 2791 1062 2870 ere
1096 2787 1238 2870 visum
1272 2792 1352 2894 est,
1387 2791 1569 2894 quando
1602 2787 1784 2896 quidem
1820 2787 1936 2890 circa

79 2973 82 2980 .
156 2912 318 2996 vulnus
342 2913 514 3021 ubique
547 2923 694 3026 partes
726 2913 972 2998 nominatae
1009 2924 1093 2997 tarn
1127 2924 1256 2996 arcte
1285 2913 1615 3020 cohaerebant,
1640 2924 1692 2996 ut
1717 2911 1935 2996 'fortassis
1968 2926 1971 2934 ’

156 3045 300 3122 totum
348 3039 542 3152 pectoris
574 3066 744 3146 cavum,
778 3041 931 3124 saltem
963 3065 1071 3123 vero
1105 3037 1295 3124 inferior
1328 3038 1424 3123 eius
1456 3065 1554 3152 pars
1588 3039 1722 3124 talem
1753 3039 1935 3160 praeter·

148 3165 401 3274 naturalem
451 3165 739 3250 coalitionem
774 3166 959 3252 subiisse
992 3163 1239 3251 videretur.
1272 3165 1427 3248 Nihilo
1470 3165 1611 3251 secius
1646 3177 1808 3271 tamen,
1842 3193 1933 3296 quo

154 3289 223 3378 sic
248 3288 506 3380 frustratum
539 3303 741 3378 nostrum
773 3293 1047 3406 propositum
1100 3302 1283 3402 aegroto
1318 3291 1623 3402 qualicunque
1671 3297 1803 3377 modo
1836 3321 1933 3406 pro·
2015 3349 2017 3356 ·
2112 3265 2118 3276 ’

152 3421 314 3526 desset,
346 3429 597 3532 aperturam
629 3418 681 3502 in
713 3419 910 3534 pectoris
940 3445 1047 3504 cavo
1101 3421 1359 3546 susceptam,
1409 3429 1637 3533 patentem
1673 3419 1935 3530 relinquere

153 3543 451 3653 decrevimus,
501 3545 724 3655 scilicet,-
704 3556 811 3629 ·ut
855 3545 994 3630 instar
1058 3545 1276 3630 fonticuli
1307 3555 1453 3632 esset.
1501 3543 1568 3629 At
1615 3547 1702 3630 hoc
1752 3571 1934 3656 quoque
1990 3559 1994 3572 '

147 3661 245 3755 non
285 3698 310 3754 e
350 3697 426 3784 spe
475 3683 691 3786 concepta
740 3671 977 3780 successit,
1031 3675 1225 3756 turunda
1275 3673 1395 3757 enim
1447 3671 1627 3757 vulneri
1678 3673 1865 3779 inserta,
1907 3699 1933 3756 a

149 3785 487 3910 propullulonte
536 3800 656 3883 circa
704 3800 868 3884 vulnus
919 3797 1233 3906 granulatione
1275 3798 1435 3884 sensim
1485 3804 1734 3909 sensimque
1783 3801 1932 3882 sedem

92 3923 94 3930 '
149 3947 268 4004 suam
302 3935 474 4008 mutare
506 3934 657 4006 coacta
691 3936 773 4030 est,
807 3923 870 4007 ita
919 3923 1118 4032 quidem,
1168 3935 1221 4007 ut
1261 3951 1361 4006 cum
1408 3951 1503 4008 non
1536 3952 1563 4008 e
1596 3951 1645 4010 rc
1678 3924 1931 4032 videretur,

147 4057 384 4161 aperturae
417 4047 727 4134 dilatationem
758 4049 963 4136 violento
1012 4054 1145 4164 modo
1163 4050 1354 4159 exequi,
1387 4049 1473 4132 vix
1505 4051 1625 4136 intra
1657 4056 1765 4137 du'as
1798 4049 1930 4164 septi·

44 4221 48 4230 ·
147 4199 297 4260 manas
330 4173 539 4260 cicatrice
571 4177 767 4259 obducta
799 4203 894 4262 sese
926 4157 1099 4284 clausit,
1134 4205 1234 4260 cum
1266 4177 1392 4261 nulla
1425 4174 1521 4262 fere
1562 4177 1685 4292 puris
1718 4167 1938 4284 excretio
1986 4225 1991 4234 ·

146 4328 230 4422 per
263 4301 383 4386 illam
416 4301 697 4388 obtinuisset
731 4303 831 4386 Νοιι
880 4303 1021 4388 multo
1053 4314 1152 4417 post
1184 4313 1389 4413 aegrotus
1422 4301 1690 4449 Petropolin
1724 4277 1932 4414 reliquit,

149 4561 241 4636 tum
274 4527 638 4662 ameliorandum,
672 4554 895 4664 siquidem
928 4557 1044 4642 coeli
1077 4557 1317 4644 clementia
1339 4558 1544 4668 aliaeque
1561 4585 1630 4644 res
1648 4559 1933 4644 circumstan

148 4691 214 4771 tes
245 4681 380 4796 ipsius
412 4684 507 4798 spei
539 4686 849 4770 succederent.

948 4811 1116 4925 5115.
1210 4793 1217 4807 ’

210 4971 251 5056 Ε
285 4984 467 5086 pectore
501 4979 631 5060 modo
665 5003 794 5091 supra
829 4977 1037 5088 exposito
1066 4997 1117 5086 (ς
1155 4999 1223 5064 ros
1250 5033 1287 5048 -
1319 5019 1387 5063 no
1404 4999 1436 5088 )‚
1469 4977 1625 5092 aperto
1658 4989 1814 5092 sponte
1834 4975 1927 5090 ple·

102 5149 106 5156 ·
141 5125 332 5210 rumque
365 5113 691 5187 extravasatum
726 5103 933 5218 erumpit.
965 5100 1240 5212 Adjuvandd
1257 5114 1404 5188 autem
1438 5105 1664 5218 sanguinis
1680 5101 1929 5218 profluvio,

137 5235 276 5336 atque
308 5233 628 5344 promovendo,
661 5231 771 5318 baec
804 5229 999 5318 remedia
1031 5229 1236 5348 inprimis
1269 5231 1488 5326 inservire
1520 5257 1769 5320 monemurr
