4960 6054
1391 409 1452 492 do

539 645 611 755 sis,
644 633 916 728 difficillima
965 629 1215 748 respiratio,
1263 655 1423 745 parvus
1463 629 1676 742 celerque
1723 633 1874 749 pulsus
1923 641 1971 720 et
2018 621 2308 722 vehementes

540 795 751 886 syncopae
785 763 1101 872 sequebantur.
1150 756 1275 842 Hinc
1323 757 1586 844 verosimilis
1635 759 1791 874 opinio
1825 763 1883 846 de
1931 761 2122 846 vulnere
2155 774 2311 874 pectus

537 891 798 1016 penetranti
829 900 928 973 orta
961 895 1042 996 est,
1073 896 1181 969 utut
1216 897 1362 970 tamen
1395 885 1543 969 omnia
1576 897 1866 999 symptomata
1900 887 1977 972 illa
2010 885 2153 1006 (quod
2170 889 2310 973 sectio

539 1020 764 1110 cadaveris
797 1011 1080 1100 manifestum
1112 1007 1260 1128 fecit),
1310 1039 1335 1097 c
1384 1011 1646 1125 pulmonum
1680 1012 2036 1099 inflammatione
2070 1025 2118 1099 et
2150 1015 2312 1100 dextri

538 1149 733 1240 thoracis
781 1150 1079 1257 empysemate
1127 1163 1389 1253 provenere.
1442 1137 1727 1253 Quapropter
1772 1141 1859 1250 jam
1893 1137 2172 1256 llloraasfflsl
2224 1170 2313 1225 om·

537 1304 619 1364 nes
650 1268 908 1381 hujusmodi
936 1265 1174 1352 vulnerum
1207 1263 1491 1350 conditiones
1523 1280 1729 1352 accurate
1762 1265 2101 1382 circumspicere
2135 1279 2183 1353 et
2214 1296 2312 1381 per·

538 1407 740 1521 pendere
779 1393 969 1480 monuit.
1002 1390 1087 1476 His
1120 1391 1262 1501 igitur
1311 1390 1523 1500 admissis,
1555 1404 1863 1508 symptomata,
1896 1420 1999 1506 quae
2032 1399 2089 1478 ad
2130 1395 2313 1509 respira·

540 1529 710 1616 tionem
741 1521 932 1627 faciunt,
965 1517 1311 1630 quibuscamque
1345 1528 1392 1601 et
1422 1519 1617 1632 pectoris
1654 1531 1801 1634 partes
1849 1519 2065 1606 externas
2098 1531 2146 1606 et
2177 1548 2312 1636 pene·

541 1653 763 1742 trantibus
794 1645 1059 1732 vulneribus
1089 1643 1270 1759 propria
1320 1669 1426 1752 esse,
1459 1645 1665 1734 nolumus
1715 1675 1814 1730 cum
1847 1639 2094 1732 coornent>
2131 1669 2313 1734 ausoau-

538 1807 598 1868 ΤΕ
630 1777 871 1882 affirmare,
904 1771 1029 1883 quasi
1062 1770 1295 1886 respiratio
1328 1768 1549 1879 difficilis,
1583 1773 1732 1886 pulsus
1765 1773 1944 1883 debilis,
1977 1773 2243 1862 constrictus
2264 1785 2313 1862 et

540 1905 860 2009 intermittens,
892 1923 1063 2014 semper
1093 1905 1298 1983 naturam
1330 1895 1525 1983 laesionis
1556 1919 1846 1986 umirasrau
1878 1903 2085 1990 reddant.

1354 2061 1380 2176 s
1423 2089 1496 2148 22.

602 2235 684 2322 Ex
723 2231 793 2320 his
826 2230 968 2344 igitur
1013 2225 1280 2335 rationibus,
1330 2253 1436 2336 quas
1470 2245 1526 2335 (55
1552 2269 1586 2336 7.
1620 2249 1682 2339 αι)
1715 2233 1773 2315 ad
1805 2228 2041 2342 diagnosin
2073 2229 2313 2316 vulnemm

542 2374 697 2482 pectus
728 2355 1063 2476 penetrantium
1097 2353 1436 2442 contribuentcs
1471 2355 1716 2464 attulimus,
1765 2359 1868 2443 satis
1901 2361 2082 2454 elucere
2114 2357 2313 2468 videtur,

540 2495 698 2578 harum
745 2487 915 2572 nullam
953 2499 1100 2569 sontis
1134 2505 1228 2586 ena
1261 2506 1308 2564 aa
1340 2479 1472 2566 nobis
1519 2509 1601 2596 pro
1632 2481 1805 2592 judicio
1854 2481 2080 2593 sulficere3
2130 2486 2314 2599 quippe,

542 2645 646 2730 quas
678 2615 778 2732 plus
809 2609 1012 2696 minusve
1031 2609 1198 2727 ⁴omnes
1229 2605 1455 2692 vacillant.
1488 2605 1569 2710 Ex
1602 2635 1684 2695 usu
1723 2613 1952 2694 duntaxat
1983 2613 2143 2694 horum
2176 2609 2316 2720 omni·

540 2771 617 2828 um
650 2733 947 2828 subsidiorum
980 2745 1029 2821 et
1061 2732 1389 2846 comparatione
1423 2731 1651 2844 signorum
1682 2744 1820 2846 atque
1853 2747 2210 2852 symptomatum,
2242 2763 2314 2848 ge·

421 2911 428 2926 =
537 2897 623 2956 nus
654 2863 888 2981 praesentis
921 2859 1117 2946 laesionis
1150 2858 1257 2943 elici
1291 2867 1338 2943 et
1370 2857 1454 2941 hac
1486 2861 1662 2946 ratione
1693 2889 1775 2948 nos
1791 2863 2050 2979 persuaderi
2081 2889 2206 2979 posse
2237 2891 2316 2979 pu·

541 3007 691 3084 tamus.
724 2989 839 3076 Haec
870 3015 977 3080 vero
1011 2985 1160 3071 omnia
1192 2983 1447 3092 adjumenta
1480 2990 1537 3071 ad
1569 2997 1734 3072 certam
1765 2989 1966 3076 vulneris
1997 3001 2151 3106 pectus
2183 3016 2316 3104 pene·

541 3121 700 3210 trantis
733 3115 1038 3228 cognitionem
1072 3113 1405 3227 comparandam
1439 3136 1533 3196 non
1566 3109 1791 3222 sulficere,
1824 3127 1959 3228 atque
1975 3143 2058 3202 auc
2092 3139 2315 3226 sancmno,

542 3273 628 3336 susc
661 3269 785 3330 ausu
816 3269 937 3330 uuna
969 3263 1095 3346 auin,
1128 3264 1223 3322 uun
1254 3263 1420 3325 vonum
1453 3263 1592 3326 annun
1626 3265 1672 3326 ns
1705 3267 1861 3328 cavuu
1894 3267 2111 3328 eacroars
2145 3253 2315 3327 suavu-

540 3397 676 3463 auum
725 3391 927 3454 mcuoscr
976 3387 1119 3474 rossa,
1151 3355 1423 3453 Monctcud)
1472 3376 1519 3450 et
1551 3385 1612 3452 na
1644 3361 1841 3452 Mami>
1889 3371 2064 3456 duobus
2097 3367 2317 3486 exemplis

543 3495 749 3585 adductis
771 3501 1017 3602 ,testantur
1731 3509 1736 3517 ·

605 3625 723 3708 Raro
756 3630 906 3709 autem
949 3613 1121 3724 evenit,
1155 3625 1206 3698 ut
1242 3615 1432 3702 thoracis
1463 3619 1641 3728 vulnus,
1673 3630 1849 3705 naturae
1897 3647 1991 3706 non
2023 3621 2317 3736 penetrantis,

547 3777 736 3836 oraruuus
753 3745 905 3858 'signis
944 3741 1320 3828 convenientibus
1371 3745 1642 3854 comitatum,
1673 3747 1868 3860 pectoris
1917 3749 2151 3848 cavitatem
2184 3777 2318 3863 pene·

545 3886 697 3963 traret.
730 3870 1035 3990 Experientia
1066 3870 1143 3953 hic
1177 3895 1374 3981 quoque,
1406 3881 1459 3954 ut
1491 3871 1543 3954 in
1573 3873 1726 3960 multis
1758 3873 1857 3960 aliis
1873 3875 2192 3984 occasionibus,
2208 3875 2318 3959 mul-

546 4015 610 4090 tas
641 4000 978 4112 disquisitiones
1011 4021 1354 4110 supervacaneas
1388 3998 1645 4084 exercitato
1678 4001 1954 4087 observaturi
2002 4009 2180 4111 reddet,
2214 4030 2317 4112 quae

542 4141 667 4216 certe
699 4127 847 4212 minus
880 4122 1196 4231 exercitatum,
1245 4151 1296 4207 ac
1329 4123 1380 4211 in
1412 4124 1550 4240 praxi
1582 4137 1802 4214 versatum
1835 4129 2095 4248 chirurgum
2142 4133 2318 4218 haerere

542 4251 986 4352 sinunt-Iomousa
1018 4250 1249 4336 uurrcmal
1384 4309 1393 4318 .

544 4839 1054 4864 m

528 4863 539 4881 N
566 4871 572 4886 a

540 4919 582 5008 g)
607 4919 798 4984 Moacacm.
825 4913 917 4981 tbid.
943 4921 1006 4978 art
1039 4911 1096 4978 ιδ.
1373 4971 1384 4984 ,.

542 5017 584 5110 h)
612 5021 644 5086 S.
672 5023 820 5086 cocras.
847 5003 938 5082 u'c.
965 5017 1066 5078 Tom.
1093 5007 1154 5078 111.
1180 5029 1216 5099 p.
1245 5013 1333 5091 545.

543 5123 573 5210 i)
599 5125 788 5188 Moscacar.
817 5137 846 5184 r.
874 5135 905 5182 c.
934 5115 1040 5204 Epist.
1067 5115 1244 5181 L111.art.
1276 5135 1333 5207 ²9·
1359 5135 1394 5210 p.
1428 5117 1508 5205 ⁸7³·

544 5221 662 5312 latta
686 5225 816 5332 Mpmr.
844 5239 873 5286 1.
901 5235 933 5288 c.
959 5236 996 5308 p.
1022 5217 1071 5306 7⁶
1099 5211 1175 5284 obs.
1207 5215 1292 5285 aad.
