4960 6054
895 447 1088 547 ,57

989 623 1173 784 sc

208 821 317 918 His
351 833 492 945 igitur
526 841 579 943 (tt
611 855 719 920 ιι-
746 854 822 942 51.)
859 833 996 958 causis
1016 835 1263 943 diligenter
1295 831 1564 936 examinatis
1597 839 1810 942 adducor,
1839 861 1944 945 quo·

167 963 226 1044 ad
258 960 544 1075 prognosin
535 961 773 1045 vulnerum
806 961 1001 1074 pectoris
1032 962 1368 1076 penetrantium
1386 963 1784 1068 determinandam,
1806 951 1944 1046 omni
2013 1026 2017 1040 .

168 1079 258 1194 um,
293 1116 398 1198 quae
432 1071 646 1210 hactenus
679 1088 888 1200 exposui,
923 1086 1198 1198 generalium
1249 1087 1562 1171 conditionum
1604 1089 1820 1208 rationem
1871 1091 1944 1174 ha·

69 1287 81 1302 .
167 1213 359 1296 hendam
378 1240 748 1320 esse,neccssar10
780 1225 948 1329 putem.
981 1213 1173 1328 Insuper
1203 1225 1353 1297 autern
1386 1214 1525 1298 multa
1557 1214 1642 1298 alia
1667 1203 1849 1324 quoque
1882 1225 1944 1298 at·

26 1397 30 1402 -
128 1335 132 1344 ’
170 1343 399 1424 tendenda
431 1351 551 1446 sunt,
587 1367 689 1448 quae
721 1341 821 1452 plus
837 1365 1039 1426 minusve
1073 1340 1361 1424 individuum
1378 1349 1594 1454 spectant,
1628 1352 1694 1423 ut:
1712 1345 1836 1426 sedes
1876 1367 1944 1426 ae·

168 1466 303 1574 groti,
347 1487 474 1572 cura,
516 1465 628 1550 vitae
666 1467 780 1550 ratio
822 1469 905 1552 &c
964 1466 1242 1576 Quicunque
1283 1477 1422 1552 artem
1471 1468 1686 1550 medendi
1729 1477 1942 1574 exercet,
1995 1451 1997 1456 ’
2047 1465 2054 1470 ’

164 1617 395 1736 nunquam
429 1593 584 1675 harum
603 1592 915 1690 conditionum
935 1593 1306 1701 dijudicationem
1324 1592 1555 1702 negligere
1576 1595 1729 1700 debet,
1755 1620 1942 1702 quarum
2077 1605 2082 1614 “

166 1727 313 1802 manen
345 1719 438 1802 vim
469 1719 795 1832 pathologioam
828 1720 1167 1862 perscrutaturi,
1200 1746 1281 1804 nos
1298 1719 1447 1827 l'onge
1481 1745 1505 1801 a
1539 1745 1669 1831 scopo
1702 1721 1944 1806 abducere·

83 1847 88 1860 '
162 1867 278 1950 mur,
312 1855 546 1957 praeterea,
580 1845 649 1928 uti
682 1846 767 1950 jam
799 1845 971 1951 monui,
1004 1855 1151 1960 partes
1184 1846 1276 1928 illae
1310 1873 1403 1929 non
1440 1855 1526 1928 tam
1558 1847 1615 1927 ad
1632 1845 1903 1986 medicum
1888 1871 1939 1928 ιιι

162 1995 346 2078 genere,
380 1999 513 2082 quam
544 1973 603 2055 ad
635 1968 856 2057 forensem
889 1970 1020 2058 sensu
1053 1971 1268 2059 strictiori
1299 1971 1547 2086 pertinent.

980 2138 1122 2254 §aa

223 2295 293 2386 At
324 2320 432 2390 vero
465 2301 591 2416 signa
623 2313 671 2390 et
710 2314 1002 2418 symptomata
1043 2303 1121 2388 illa
1151 2303 1391 2388 vulnerum
1430 2301 1623 2416 pectoris
1661 2303 1940 2416 penetranti·

163 2455 255 2557 um,
292 2441 377 2514 tam
412 2436 560 2540 quoad
594 2443 759 2517 rectam
793 2458 947 2516 eorum
981 2431 1236 2542 diagnosin,
1270 2457 1401 2540 quam
1434 2433 1583 2570 quoad
1598 2431 1856 2542 prognosin,
1875 2430 1959 2514 in·

159 2547 284 2642 ocrta
313 2553 633 2671 reperiuntur.
678 2555 911 2667 Siquidem
945 2558 1010 2665 hi,
1044 2557 1125 2667 qui
1158 2557 1209 2641 in
1241 2556 1404 2640 militia
1438 2556 1557 2638 circa
1589 2557 1779 2639 vulnera
1829 2557 1941 2663 ejus-

158 2682 283 2774 modi
314 2683 556 2798 plurimum
589 2684 797 2796 occupati
830 2695 949 2792 srmt,
983 2695 1034 2767 ut
1051 2677 1327 2793 Bistonum),
1359 2659 1620 2764 narratas)
1645 2692 1692 2766 et
1725 2681 1819 2788 alii,
1851 2709 1940 2765 om·

162 2835 243 2894 nes
299 2805 429 2894 simul
479 2837 572 2894 uno
620 2837 699 2895 ore
750 2819 1002 2919 testantur,
1052 2837 1078 2896 e
1127 2745 1494 2923 symptomatihus
1543 2835 1643 2890 oum
1699 2809 1938 2892 vrtlnerum

158 2935 415 3030 directione
447 2940 681 3020 admodum
718 2937 1110 3044 convenientibus,
1143 2962 1262 3048 saepe
1285 2937 1474 3018 vulnera
1495 2944 1619 3018 certe
1651 2933 1939 3078 periculosio-
2000 3016 2004 3028 ,

157 3087 207 3145 ra
240 3061 393 3146 habita
424 3087 517 3146 esse
551 3073 598 3146 et
631 3060 764 3146 facile
796 3061 1109 3174 peritissimum
1138 3087 1378 3170 ,quemque
1413 3063 1471 3144 de
1503 3059 1572 3144 his
1606 3057 1711 3144 falsa
1745 3058 1937 3166 conjice·

158 3212 209 3272 re
240 3213 380 3300 posse.
412 3187 631 3272 Numerus
663 3187 971 3293 sauciatorum,
1005 3186 1102 3296 qui,
1134 3187 1185 3269 in
1217 3185 1487 3269 militaribus
1518 3183 1738 3269 Britaniae
1758 3211 1936 3270 nosoco-

158 3313 257 3397 miis
289 3341 314 3396 a
345 3313 540 3427 pectoris
574 3312 836 3397 vulneribus
868 3323 967 3424 post
998 3339 1191 3424 pugnam
1222 3313 1357 3420 juxta
1390 3309 1617 3394 Watcrloo
1641 3311 1837 3394 habitam
1870 3337 1937 3394 re·

153 3439 306 3524 stituti
339 3441 535 3543 fuerant,
569 3439 699 3522 valde
732 3437 897 3522 extitit
928 3432 1160 3548 magnus2).
1193 3438 1366 3522 Revera
1402 3439 1551 3520 autem
1583 3464 1678 3522 non
1712 3447 1779 3522 est
1812 3442 1936 3548 quod

156 3565 385 3673 miremur,
418 3565 606 3650 vulnera
637 3565 832 3677 pectoris
863 3562 1437 3677 penetrantia-quamvis
1470 3561 1633 3648 cavitas
1665 3565 1765 3647 haec
1796 3561 1936 3677 pluri·

156 3718 245 3777 mas
276 3697 335 3776 ad
368 3691 503 3776 vitam
535 3688 866 3776 sustentandam
899 3692 1100 3775 absolute
1133 3690 1397 3794 necessarias
1428 3697 1576 3801 partes
1618 3690 1934 3802 contineat,-

156 3819 392 3932 saepissime
430 3829 574 3902 tamen
607 3841 847 3904 naumann
882 3817 1060 3901 exitum
1096 3818 1279 3922 habere,
1312 3843 1442 3926 quam
1474 3842 1557 3926 pro
1576 3817 1824 3936 anatomico
1842 3817 1931 3899 situ

156 3954 205 4029 et
237 3945 459 4056 dignitate
500 3943 696 4056 partium
736 3943 1106 4056 ejus.expectari
1147 3954 1303 4056 posset.
1343 3941 1543 4038 Annales
1584 3941 1826 4050 chirurgiae
1848 3946 1932 4028 'sat

154 4072 307 4157 multis
351 4073 436 4152 hoc
478 4069 701 4182 exemplis
742 4070 1065 4182 comprobant,
1092 4095 1298 4178 quorum,
1341 4096 1444 4178 quae
1489 4067 1665 4174 majoris
1715 4065 1933 4151 momenti

41 4275 46 4280 .
155 4207 278 4303 erint,
312 4195 362 4280 in
396 4197 482 4280 hoc
515 4195 609 4308 ipso
631 4205 837 4303 tractatu,
854 4193 935 4296 ubi
967 4193 1102 4304 magis
1136 4223 1229 4280 ere
1263 4222 1353 4280 esse
1387 4193 1635 4301 videbitur,
1653 4194 1930 4277 mentionem

152 4318 402 4408 iaciamus).
436 4323 554 4406 Inde
588 4320 771 4430 quidem
805 4319 1064 4446 intelligere
1096 4321 1355 4436 poterimus,
1369 4312 1458 4403 ‘alia
1491 4319 1679 4403 vulnera
1699 4330 1839 4403 totum
1855 4347 1931 4434 pe·

152 4545 196 4634 x)
223 4475 383 4614 anania.
409 4547 626 4632 Anweisung
653 4566 715 4612 zur
733 4543 981 4612 ausuebenden
1006 4517 1363 4634 Wundarzneykunst
1377 4545 1425 4609 *in
1437 4539 1736 4612 retdtazasethen.
1756 4547 1806 4611 8⁰.
1822 4542 1927 4630 Glog.

150 4749 194 4838 y)
218 4649 696 4837 Ἠξιιιηξὲςιξίιιὸᾱὲι
716 4664 1229 4839 1ιῖἰιιιιιιιιιιιιγιιιιιιίιιιοιιιιὶ,
1256 4769 1286 4814 1..
1315 4767 1345 4814 c.
1373 4769 1409 4836 p.
1433 4751 1514 4814 ard

149 4853 191 5044 *3
217 4855 778 5047 fflzizmliuchqtiotfhefiztertinet
803 4953 943 5038 vulnus,
973 4956 1055 5044 (nisi
1083 4952 1174 5020 illud
1203 4963 1389 5042 penetrare
1415 4953 1523 5020 modo
1550 4951 1746 5038 videretur)
1762 4948 1885 5039 qucd'
1874 4971 1926 5016 rn-

216 5052 375 5122 colarum
401 5057 527 5127 insulae
555 5062 663 5125 siam
704 5077 901 5125 caarsanua
926 5067 988 5123 aut
1027 5061 1222 5124 Waumauo
1263 5055 1450 5123 cuidame
1482 5057 1780 5122 Mendo'zanorum
1815 5055 1927 5138 stirpe

213 5155 337 5224 lancea
364 5155 481 5244 lignea
507 5159 683 5227 inflictum
723 5159 833 5228 fuisse
861 5163 1009 5244 anama,
1038 5155 1236 5247 chirurgus,
1280 5169 1432 5226 testatur.
1461 5161 1552 5244 Quae
1592 5175 1731 5244 nempe,
1760 5156 1831 5218 ictu
1857 5153 1924 5220 sub
2061 5241 2065 5244 -

211 5257 372 5350 scapua
382 5263 519 5342 sinistra
544 5261 657 5351 illato,
685 5263 775 5332 inter
800 5261 919 5334 dextri
945 5261 1065 5332 lateris
1080 5278 1183 5332 veras
1209 5271 1324 5332 costae
1339 5259 1531 5334 secundam
1559 5269 1595 5329 et
1621 5257 1757 5326 tertiam
1774 5237 1927 5346 prodiit.
