4942 6048
1393 467 1477 550 132

550 698 629 782 ubi
663 694 799 782 semel
831 669 1010 801 asstitit,
1025 641 1117 776 nisi
1149 676 1269 776 fo‘rte
1302 717 1419 802 casu,
1435 691 1510 777 vel
1544 684 1733 774 consilio
1767 685 2049 794 cohibeatur,
2081 663 2220 772 nullis
2242 683 2328 770 iam
2447 659 2448 672 Ν

547 821 767 908 limitibus
801 819 1108 906 circumscribi
1139 829 1301 933 potest.
1333 817 1409 904 Ab
1444 827 1655 902 externae
1672 814 1867 901 laesionis
1884 816 1984 897 loco
2001 823 2166 924 ortum,
2191 839 2326 896 cursu

546 950 695 1035 veloci
726 954 784 1054 ad
807 947 999 1064 primam
1033 946 1230 1059 corporis
1266 946 1416 1030 tellam
1448 944 1719 1049 cellulosam,
1754 943 1887 1026 immo
1920 940 2054 1026 etiam
2087 946 2144 1026 ad
2185 938 2325 1024 inter·
2358 954 2364 963 ·

546 1078 855 1184 muscularem,
889 1099 1090 1185 eamque,
1126 1101 1230 1183 quae
1264 1073 1414 1182 iungit
1448 1072 1732 1155 internorum
1766 1069 1984 1154 viscerum
2017 1068 2324 1181 parenchyma
2447 1107 2448 1136 ι

398 1249 404 1258 ·
545 1202 1141 1318 pervenit&.ibieasde1n
1174 1199 1402 1312 proximas
1435 1198 1817 1306 commutationes,
1873 1221 1981 1308 quas
2029 1194 2081 1280 in
2128 1193 2324 1310 pectoris

545 1325 744 1419 eistema
776 1327 1032 1444 superficie,
1069 1325 1230 1414 elficit.

863 1487 868 1494 ’
1350 1496 1376 1610 S
1415 1495 1516 1581 135.

608 1661 651 1748 E
685 1661 993 1774 sequentibus,
1027 1667 1149 1772 quod
1182 1661 1258 1746 hic
1292 1664 1349 1745 de
1384 1657 1727 1777 emphysematis
1758 1654 1936 1768 origine
1961 1683 2012 1742 ac
2043 1652 2323 1770 propagatio·

544 1815 606 1875 ne
640 1789 857 1897 diximus,
891 1789 1026 1899 magis
1059 1790 1208 1875 adhuc
1250 1789 1464 1876 elucebit.
1497 1767 1740 1874 Pulmones
1765 1787 1852 1870 iam
1885 1811 1911 1868 a
1943 1783 2079 1894 longo
2121 1794 2322 1895 tempore

543 1943 644 2000 cum
677 1918 822 2002 vesica
840 1944 959 2034 cava
993 1926 1336 2031 comparantur,
1370 1943 1485 2026 quae
1535 1921 1682 2002 adrem
1731 1911 2016 1998 intercludit.
2066 1909 2131 1995 Ut
2180 1907 2321 2019 igitur

541 2043 654 2128 haec
686 2043 828 2154 imago
862 2043 1062 2130 sensibus
1095 2043 1294 2129 subiecta
1316 2043 1475 2128 melius
1507 2041 1700 2128 cuiusvis
1732 2041 1885 2126 oculos
1920 2048 2086 2150 tangat,
2103 2028 2317 2122 Manus

542 2168 733 2283 simplici
773 2171 899 2280 l'olle,
933 2169 1014 2282 qui
1047 2179 1171 2254 caret
1203 2170 1379 2254 valvula
1418 2196 1449 2258 s.
1469 2169 1702 2284 epistomio
1735 2162 1937 2288 (Ventil)
1971 2191 2088 2276 usus,
2121 2165 2185 2250 ita
2217 2187 2320 2248 eum

543 2297 819 2405 construxit,
852 2307 921 2405 ut,
953 2296 1173 2413 particula
1208 2299 1397 2406 quadam
1430 2325 1455 2380 a
1487 2297 1707 2411 superiori
1740 2292 1851 2379 lolio
1884 2293 2083 2402 abscissa,
2116 2291 2167 2375 in
2200 2316 2321 2406 aper·

544 2431 685 2507 turam
719 2423 973 2508 orbiculum
1021 2421 1216 2507 vitreum
1234 2505 1239 2512 ,
1254 2417 1499 2509 inferret.¹’)
1531 2423 1633 2508 Hoc
1681 2423 1731 2506 in
1780 2419 1889 2506 l'olle
1938 2420 2127 2506 vesicam
2175 2417 2318 2502 iirma·

543 2548 623 2632 bat
659 2549 735 2633 tali
770 2553 918 2659 modo,
952 2559 1004 2633 ut
1037 2550 1203 2633 collum
1236 2547 1333 2664 eius
1368 2575 1451 2664 per
1484 2548 1605 2636 follis
1638 2559 1889 2665 aperturam
1923 2547 2156 2664 emineret.
2189 2543 2319 2628 Tunc
2447 2607 2448 2614 ι

542 2669 654 2761 folle
690 2688 909 2782 commoto
943 2673 1075 2761 facile
1093 2673 1185 2760 fuit
1201 2702 1284 2791 per
1316 2675 1510 2762 vitreum
1547 2679 1703 2762 orbem
1736 2675 1893 2762 videre
1926 2673 2117 2762 vesicam
2148 2681 2318 2758 motum

541 2797 672 2885 illum
690 2813 942 2915 sequutum,
960 2829 987 2888 e
1004 2803 1121 2916 collo
1154 2815 1305 2890 autem
1338 2804 1509 2889 vesicae
1526 2802 1708 2889 edoceri
1741 2801 1894 2917 potuit
1926 2801 2027 2887 vice
2044 2801 2216 2886 alterna
2234 2823 2319 2882 mo-

540 2929 600 3012 do
633 2930 838 3026 haustum
872 2954 964 3016 esse
996 2933 1143 3015 adrem
1177 2933 1234 3016 ab
1267 2933 1363 3037 illo,
1398 2937 1528 3015 modo
1561 2932 1814 3046 expulsum.
1848 2927 1947 3014 Hbc
1980 2932 2038 3015 de
2056 2954 2104 3012 re
2121 2926 2318 3011 maxime

539 3055 726 3143 meritus
775 3057 1036 3142 Huaaoaor
1091 3053 1188 3172 (aaut
1221 3055 1360 3177 ιω.)
1392 3057 1622 3170 generales
1670 3055 1886 3172 exposuit
1919 3053 2319 3168 contemplationes

538 3183 599 3267 de
631 3182 825 3298 pectoris
858 3183 1170 3296 magnitudine
1204 3183 1392 3270 relativa
1423 3189 1482 3270 ad
1502 3211 1664 3296 organa
1682 3175 1749 3269 ib'i
1769 3183 1952 3270 inclusa.
1969 3181 2087 3268 Inde
2103 3207 2213 3266 vero
2231 3179 2323 3264 evi·

442 3393 444 3398 .
538 3311 706 3394 denter
737 3309 1058 3396 demonstravit
1075 3307 1377 3424 respirationis
1392 3312 1737 3396 mechanismum
1769 3307 1946 3430 (iustam
1962 3308 2173 3394 nimirum
2191 3311 2321 3391 alter·

537 3432 590 3518 ni
622 3435 883 3550 pubnonrun
915 3448 1060 3523 motus
1093 3437 1311 3521 rationem
1337 3437 1388 3522 in
1420 3439 1603 3525 homine
1635 3434 1778 3558 nato),
1794 3449 1930 3548 atque
1951 3465 2004 3522 eo
2023 3438 2118 3552 ipso
2152 3432 2320 3520 stabili·
2447 3465 2448 3470 ι

455 3615 461 3628 ·
538 3560 608 3644 vlt
646 3565 856 3648 notiones
888 3589 985 3649 suas
1017 3558 1104 3682 (uti
1142 3561 1303 3648 clarius
1318 3591 1428 3649 mox
1445 3561 1716 3686 videbimus)
1734 3591 1841 3676 quas
1858 3570 1916 3651 de
1949 3564 2201 3674 chirurgica
2219 3587 2320 3676 pro·
2447 3643 2448 3676 .

539 3685 784 3772 fundorum
817 3688 1011 3804 pectoris
1043 3690 1280 3773 vulnerum
1330 3695 1597 3776 tractatione
1630 3691 1717 3776 sibi
1749 3691 1973 3777 formavit.
2006 3689 2133 3774 Illam
2168 3699 2318 3774 autem

539 3811 739 3902 lllarowr
777 3817 1218 3950 representationem)
1237 3829 1469 3928 sequutus,
1503 3845 1580 3904 sua
1615 3845 1799 3931 quoque
1833 3818 2056 3934 principia
2092 3820 2319 3920 adsensus

435 3971 451 3986 ·
537 3965 622 4054 per
654 3944 958 4060 respirationis
1007 3945 1207 4056 lagenam
1240 3939 1836 4067 (Respi.rations·Flasche)⁶),
1854 3943 2050 4034 Halniae
2067 3944 2206 4054 regiae
2240 3939 2318 4028 sci·

538 4067 761 4166 sentiarum
793 4072 1043 4158 academiae
1075 4071 1282 4181 oblatam,
1318 4072 1559 4160 revocavit.
1591 4070 1730 4157 Hunc
1763 4071 2104 4187 representandi
2135 4075 2315 4154 modum
2447 4149 2448 4172 p

537 4191 723 4309 insuper
770 4194 1021 4284 Hammon
1071 4221 1276 4304 (flammas.
1292 4191 1978 4312 Observatloosoniimphysema.1807.)‘¹)
2027 4225 2081 4284 eo
2134 4197 2311 4312 amplia·

442 4437 446 4453 .
536 4319 620 4430 vit,
671 4330 723 4406 ut
768 4311 963 4410 thoracis
1011 4335 1277 4412 structuram
1326 4323 1515 4412 similem
1548 4351 1642 4411 esse
1674 4323 1797 4412 dicat
1829 4321 1930 4410 lolli
1963 4326 2140 4412 induas
2170 4336 2317 4440 partes

537 4445 682 4532 diviso
723 4449 1037 4562 instructoque
1078 4451 1134 4536 ab
1168 4451 1370 4562 utraque'
1392 4463 1519 4566 parte
1550 4451 1713 4562 vesica,
1748 4461 1841 4537 tum
1873 4453 1997 4539 inte'r
2030 4481 2075 4540 se
2107 4451 2315 4556 vicissim,

384 4669 387 4680 ¹
539 4580 632 4656 tum
666 4599 767 4660 cum
800 4583 904 4664 aire
931 4591 1129 4666 externo
1161 4602 1246 4691 per
1280 4579 1486 4664 tubulum
1519 4577 1857 4689 communicata,
1890 4580 1970 4692 qui
2003 4585 2226 4694 posterior
2253 4587 2318 4662 tu·

534 4698 667 4790 bulus
700 4702 913 4818 primario
951 4707 1067 4817 lolli,
1116 4701 1363 4792 simillimus
1378 4709 1522 4791 mirem
1541 4708 1812 4825 solummodo
1836 4707 1894 4793 in
1927 4707 2171 4794 vesicarum
2205 4700 2319 4788 cavi·

537 4833 688 4951 tatem,
722 4855 1004 4942 nequaquam
1021 4837 1170 4918 autem
1190 4831 1240 4917 in
1255 4833 1500 4922 vesicarum
1516 4832 1728 4952 follisque
1760 4834 2081 4958 intermedium
2111 4843 2317 4952 penetra·

539 4961 1051 4984 *ma*

532 4995 572 5076 a)
601 4997 751 5065 Merow.
780 4995 804 5064 l.
833 5021 864 5068 e.
891 5001 934 5066 T.
960 5003 1004 5066 11.
1032 5019 1066 5087 p.
1100 5001 1181 5078 264.

532 5090 1003 5188 mfflquu

531 5201 571 5279 s)
599 5201 794 5270 Heraeum.
821 5197 848 5268 1.
873 5223 906 5271 c.
932 5197 1084 5270 Tabula.

533 5293 575 5388 d)
604 5301 636 5372 S.
663 5303 815 5410 Cossu.
841 5321 873 5378 ι..
900 5323 932 5380 c.
959 5307 1000 5378 T.
1028 5307 1088 5378 ut.
1114 5321 1150 5396 p.
1167 5301 1252 5392 5⁵7.
