4942 6048
1372 393 1463 474 130

525 625 668 714 fervit
699 631 777 710 aer
807 619 1155 737 atmosphericus
1185 618 1261 704 vel
1293 611 1337 734 a)
1370 644 1454 734 per
1484 616 1649 700 vulnus
1682 625 1927 700 externum
1962 612 2203 726 ingressus,
2236 611 2313 698 vel

524 753 576 876 b)
609 754 644 840 si
677 751 901 868 pulmonis
931 751 1066 834 simul
1112 747 1237 834 laesio
1278 749 1418 856 adest,
1451 745 1748 858 respiratione
1780 745 1961 828 haustus
1992 767 2075 856 per
2112 766 2309 856 asperam

524 882 748 970 arteriam.
780 879 913 964 Hanc
944 881 1005 962 ob
1038 903 1209 962 causam
1243 874 1293 960 in
1342 872 1609 958 vulneribus
1656 883 1814 986 pectus
1853 869 2177 984 aperientibus,
2226 869 2313 953 ori-

528 1023 603 1096 tur
634 1012 936 1122 emphysema,
971 1017 1094 1114 tunc,
1127 1003 1208 1086 ubi
1225 1003 1299 1088 vel
1332 1027 1522 1109 cassan,
1553 1001 1628 1084 vel
1660 1026 1743 1084 nos
1776 1023 1952 1082 causan
1984 1007 2091 1082 sunt
2114 997 2313 1111 corporis

525 1136 809 1221 immediatae
842 1135 942 1219 viae
975 1134 1136 1217 aeriae.
1170 1130 1288 1215 Item
1322 1153 1504 1240 quoque
1537 1128 1686 1211 locum
1719 1127 1857 1211 habet
1890 1126 1940 1208 in
1974 1124 2183 1210 omnibus
2222 1123 2314 1209 dic·

529 1265 584 1350 tis
618 1264 899 1370 vulneribus,
930 1261 1012 1343 ubi
1045 1279 1145 1374 pro·
1162 1261 1290 1343 causa
1323 1255 1666 1370 emphysematis
1698 1252 1907 1370 proxima
1941 1251 2146 1342 conditio
2179 1253 2314 1340 valet.

526 1389 676 1475 Venit
707 1402 856 1475 autem
889 1389 1073 1472 nomine
1107 1412 1262 1470 causae
1295 1381 1595 1490 occasionalis,
1628 1395 1776 1466 ortum
1801 1379 2313 1500 ilbusadiuvgnbs,om-

527 1543 588 1614 ne
623 1519 687 1624 id,
704 1522 828 1626 quod
859 1517 959 1630 plus
991 1517 1192 1599 minusve
1226 1511 1340 1596 aeris
1373 1509 1485 1630 (sive
1518 1534 1601 1624 per
1634 1511 1813 1616 vulnus,
1830 1507 1924 1593 sive
1956 1533 2039 1622 per
2064 1505 2314 1620 respiratio

528 1673 633 1728 nem
666 1641 873 1762 excepti)
907 1641 1102 1726 reditum
1136 1641 1339 1754 impedit.
1372 1636 1488 1723 (lum
1522 1635 1710 1720 vulnere
1744 1635 1907 1752 igitur,
1942 1638 2067 1744 quod
2101 1657 2314 1742 ntorum,

528 1797 794 1882 aaronque,
826 1794 979 1855 asora
1011 1777 1221 1884 penetrat
1254 1791 1543 1868 ornncmoms,
1575 1768 1634 1848 ad
1651 1769 1774 1874 quod
1788 1760 2013 1876 pulmonis
2030 1787 2212 1871 quoque
2228 1760 2313 1844 lae

529 1897 594 1982 sio
643 1908 828 2014 spectat,
869 1923 969 1978 raro
1002 1895 1133 1982 simul
1166 1904 1350 2008 apparet
1382 1893 1679 2005 emphysema.
1711 1889 1821 1975 Tale
1854 1891 1904 1974 in
1937 1887 2202 1972 animalibus
2235 1914 2315 1971 ex·

529 2024 759 2109 citandum
792 2049 1031 2134 aggressus,
1046 2033 1250 2107 naturam
1283 2045 1468 2128 quoque
1498 2017 1594 2101 eius
1627 2017 1839 2126 indagare
1874 2025 2012 2126 atque
2034 2015 2174 2098 multa
2190 2019 2317 2100 desu-

528 2178 611 2265 per
650 2151 966 2265 experimen&
997 2147 1146 2234 facere
1180 2157 1363 2232 bonitius
1396 2144 1593 2230 Hsswsott
1626 2166 1791 2254 (Medical
1817 2167 2028 2230 observatiam
2054 2167 2120 2230 unct
2139 2166 2314 2250 inprims.

534 2297 613 2365 Vol.
625 2299 697 2364 lli.
715 2321 748 2384 p.
766 2301 853 2384 57²·
867 2299 1037 2364 brodoam
1049 2297 1304 2384 Brmrrtungrn.
1323 2295 1366 2360 T.
1395 2291 1474 2375 lll)
1508 2271 1589 2379 qui
1623 2295 1762 2378 quum
1796 2266 1903 2350 huic
1929 2269 1998 2351 1·θί
2023 2291 2318 2381 omnemope·

530 2427 623 2484 ram
656 2412 870 2510 navasset,
903 2399 1163 2486 frustratam·
1191 2407 1338 2482 tamen
1373 2407 1593 2511 expertus
1626 2406 1709 2490 est,
1743 2393 2021 2503 Quamquam
2055 2395 2177 2479 enim
2209 2421 2318 2479 asc·

528 2553 593 2612 'rs
625 2553 898 2614 ornnomonn
927 2528 1163 2640 pulmones
1192 2549 1333 2634 usque
1366 2523 1607 2638 pugionem
1623 2523 1920 2635 producebat,
1937 2525 2090 2605 tamen
2100 2523 2163 2606 sic
2180 2521 2316 2606 etiam

529 2654 727 2738 liberum
758 2653 854 2740 aeri
888 2653 1070 2738 exitum
1118 2677 1292 2765 semper
1339 2651 1597 2764 praebebat.
1645 2647 1861 2734 Ceterum
1900 2647 2074 2732 ermn
2118 2669 2318 2758 (Mimo

532 2803 572 2868 dr
595 2801 804 2870 suentense
827 2805 937 2890 royclr
962 2804 1016 2868 des
1041 2805 1175 2870 seleuco
1202 2821 1285 2886 pour
1309 2799 1431 2866 t’annte
1455 2798 1582 2885 1715.)
1617 2775 1876 2888 exemplum
1906 2775 2111 2860 vulneris
2157 2767 2319 2888 puncti

509 2901 684 3015 ”allert,
715 2905 797 2989 ubi
828 2903 1020 2990 vrrlucre
1053 2928 1206 2990 nsent
1239 2925 1512 2995 omucrtomr
1540 2929 1625 3016 per
1654 2902 1851 3014 gladitun
1884 2900 2066 2996 inflicto
2089 2902 2320 3017 empbyse·

531 3061 602 3120 ma
634 3033 845 3120 extitisse
881 3041 1147 3118 testatur.-
1494 3124 1498 3136 ¹

599 3159 785 3273 Saepius
801 3161 886 3243 hoc
905 3171 1151 3273 symptoma
1183 3157 1235 3241 in
1266 3157 1458 3242 vulnere
1474 3167 1645 3270 puncto
1662 3158 1877 3268 occunit,
1893 3159 1930 3244 si
1946 3185 2147 3272 parvum,
2163 3145 2319 3266 angus-

535 3297 646 3394 tum,
664 3286 867 3404 oblique,
899 3271 1106 3400 inprimis
1138 3285 1230 3368 telo
1260 3294 1381 3368 arcta
1415 3283 1576 3366 lamina
1594 3287 1804 3397 praedito,
1821 3286 1955 3396 quale
1972 3296 2181 3370 verutum
2199 3281 2320 3400 (saj-

534 3409 664 3530 onet)
696 3409 864 3495 factum
897 3423 976 3497 est.
1011 3411 1278 3499 Smmma
1310 3421 1460 3494 autem
1493 3410 1542 3494 in
1560 3413 1824 3526 sclopetario
1858 3413 2047 3497 vulnere
2066 3411 2319 3527 prasertim

533 3549 673 3647 arcto,
705 3549 843 3648 atque
875 3537 923 3621 in
942 3538 1176 3649 obliquum
1199 3547 1483 3650 penetrante.
1498 3536 1700 3645 Etenim,
1718 3566 1857 3648 quum
1873 3541 2084 3624 maiorem
2099 3536 2321 3622 ambitum

533 3667 700 3750 vulnus
733 3673 978 3748 externum
993 3659 1189 3770 lrabeat,
1221 3663 1335 3750 airis
1366 3664 1487 3748 liber
1500 3691 1584 3777 per
1600 3676 1845 3750 externum
1862 3666 2036 3752 reditus
2052 3663 2203 3772 facile,
2219 3691 2320 3776 par·

535 3791 615 3876 tim
632 3789 860 3900 sanguinis
882 3793 1084 3902 coagulo,
1101 3791 1176 3876 vel
1190 3791 1343 3876 alieno
1358 3816 1544 3904 corpore
1560 3792 1611 3874 in
1628 3793 1791 3878 vulnus
1807 3792 1949 3901 illato,
1964 3793 2126 3906 partim
2144 3789 2322 3874 iniiam·

535 3919 723 4004 matorio
758 3928 930 4003 trunore
964 3918 1073 4004 inde
1098 3918 1294 4002 oriundo
1310 3916 1538 4032 impediri,
1553 3920 1628 4002 vel
1643 3946 1820 4032 prorsus
1836 3920 2015 4004 occludi
2032 3930 2195 4034 potest.
2211 3915 2319 4002 Hoc

536 4047 820 4158 emphysema
851 4045 1100 4158 praesertim
1132 4045 1185 4129 in
1217 4044 1474 4130 huiusmodi
1507 4044 1765 4130 laesionibus
1798 4043 2064 4156 frequenter
2097 4047 2320 4154 occurrit,

534 4173 616 4256 nbi
649 4171 847 4257 laesionis
878 4181 1105 4256 momento
1135 4172 1266 4256 simul
1299 4181 1418 4257 costa
1456 4168 1682 4280 frangitur
1715 4183 1764 4256 et
1803 4171 2050 4282 fragmenta
2082 4175 2134 4258 in
2165 4181 2323 4288 partes

535 4299 738 4383 internas
758 4323 954 4411 pressum
987 4309 1227 4384 exercent.
1257 4297 1559 4412 Emplrysema
1574 4325 1706 4408 aeque
1722 4299 1774 4382 in
1790 4300 2055 4386 vulneribus
2072 4299 2323 4416 reperitur,

535 4451 641 4536 quae
673 4449 806 4506 unam
837 4431 971 4509 modo
1002 4425 1053 4510 in
1084 4435 1241 4539 pectus
1261 4433 1540 4537 aperturam,
1572 4435 1708 4536 atque
1734 4426 1804 4533 iis,
1837 4455 1941 4538 quae
1957 4427 2199 4513 introitum
2217 4427 2325 4512 exi-
2445 4493 2446 4522 .

538 4561 723 4661 tumque
756 4550 942 4659 habent,
975 4552 1025 4636 in
1057 4554 1144 4636 hoc
1159 4562 1381 4667 postremo
1398 4578 1500 4636 casu
1520 4577 1612 4640 uno
1630 4557 1879 4664 eodemque
1898 4565 2098 4670 tempore
2130 4565 2327 4670 apparet

534 4676 752 4788 utrinque
761 4667 1083 4765 ⁸).-Pulmone
1121 4681 1271 4765 a‘utem
1303 4677 1434 4763 simul
1465 4677 1588 4786 laeso,
1619 4679 1656 4765 si
1689 4681 1974 4812 empbysema
2005 4682 2230 4794 originem
2266 4683 2327 4768 ab

514 4944 575 5042 .*)
599 4947 681 5109 11316
706 4941 852 5109 νίᾶὶθῑὴε.
880 4959 916 5080 g:
942 4945 1120 5108 gum?
1147 4961 1177 5008 r.
1205 4961 1237 5008 c.
1266 4963 1302 5032 p.
1323 4943 1404 5012 ¹56.
1433 4941 2009 5113 ⁰ifl3m⁵⁴'in·1i;lneoedpsi¹n⁰t⁰
2037 4943 2201 5065 dextram
2229 4945 2327 5015 nil.

465 5149 469 5156 ’
503 5221 509 5228 .
597 5147 635 5212 5¹²
660 5065 800 5214 ὅὶἕῑίἓῡ
823 5053 943 5213 {bitin
968 5063 1359 5226 lagenfflfflptia
1369 5065 1742 5238 stiipcommvssessrtgm'
1760 5047 2327 5238 Ἑῧίυῆιζῗξξῖιιὲιεςῐὶἀξῗῗζ,

600 5257 674 5314 tum
700 5269 802 5320 suum
828 5243 1006 5322 habuisse.
1913 5269 1920 5282 ·
