4942 6048
996 483 1103 566 aab

594 636 1519 852 oaeurounnrun

538 1057 541 1072 .
605 935 695 1022 lla
745 961 1097 1050 cosrauuu
1144 961 1521 1032 reservat.

975 1193 1003 1308 S
1039 1219 1141 1282 122.

875 1362 1246 1432 Occursus

230 1493 312 1584 Ex
344 1495 580 1616 principiis
611 1493 871 1610 Chirurgiae
903 1502 963 1586 dc
997 1510 1224 1587 costarum·
1248 1481 1447 1588 fractura
1475 1503 1780 1616 generalibus,
1805 1475 1951 1592 brevi·

165 1635 240 1734 ter
273 1629 349 1712 hic
381 1623 637 1740 repetimus:
671 1635 889 1712 costarum
919 1623 1158 1714 fracturam
1193 1629 1244 1713 in
1263 1629 1520 1720 universum
1538 1630 1679 1717 rarius
1694 1657 1950 1742 occurrere,

163 1780 299 1866 quam
332 1780 358 1837 a
390 1753 545 1864 causis,
577 1756 700 1837 unde
716 1758 989 1868 procedunt,
1019 1757 1105 1840 hoc
1122 1765 1368 1872 expectare
1385 1757 1561 1868 liceret,
1578 1755 1628 1843 id
1644 1759 1829 1870 quidem
1844 1787 1952 1876 pen·

167 1886 278 1974 dere
313 1907 378 1967 ex
412 1881 504 1995 ipsa
538 1891 757 1964 costarum
791 1883 1031 1990 structuri,
1064 1907 1091 1968 e
1123 1883 1379 1972 directione
1411 1883 1522 1972 situs
1553 1911 1702 1969 earum
1746 1890 1805 1972 ad
1857 1889 1951 1973 tho·
2094 1973 2095 1980 Ν

93 2117 98 2122 ¹
169 2035 314 2094 racem
349 2017 396 2093 et
429 2005 656 2122 praesidio,
689 2034 782 2118 quo
815 2018 976 2093 natura
1024 2011 1103 2094 hae
1150 2023 1298 2126 partes
1330 2013 1514 2096 humani
1546 2011 1703 2098 sceleti
1737 2011 1951 2122 munivit,
1988 2112 1990 2121 Ι

161 2136 339 2222 deinde
371 2135 539 2250 spurias
571 2145 709 2220 costas
738 2137 800 2218 ob
832 2161 1032 2246 magrmm
1065 2161 1217 2227 earum
1249 2137 1562 2247 mobilitatem,
1594 2139 1780 2254 propter
1819 2165 1951 2250 quam

60 2351 70 2368 ,
165 2263 363 2349 cuilibet
396 2265 607 2349 externae
641 2261 687 2346 vi
719 2263 842 2346 baud
875 2260 1071 2348 tirmiter
1101 2265 1338 2374 resistamt,
1371 2265 1502 2352 valde
1522 2292 1623 2350 raro
1640 2261 1867 2378 diffringi3
1884 2293 1953 2352 co·

142 2485 147 2493 ,
166 2391 331 2478 starum
349 2389 588 2474 fracturam
605 2389 768 2472 variam
780 2415 892 2496 esse,
911 2385 1004 2510 (vel
1021 2383 1280 2506 simplicem,
1297 2391 1371 2477 vel
1390 2389 1694 2511 compositam)
1708 2421 1790 2509 pro
1824 2421 1951 2504 noco,

144 2545 261 2631 .quo
293 2516 446 2604 in'bis
479 2516 647 2602 ossibus
665 2509 859 2623 accidit,
894 2545 975 2630 pro
1009 2545 1275 2603 omncmoun
1309 2528 1356 2605 et
1389 2545 1601 2626 ursona,
1619 2521 1709 2630 qua
1732 2519 1953 2607 violentia
2094 2503 2102 2524 ⁸

171 2645 259 2729 virn
292 2671 412 2730 suam
445 2654 656 2758 exercet,
681 2641 795 2726 Haec
823 2639 977 2727 ¹omnia
1010 2669 1104 2729 non
1137 2643 1315 2758 copiose
1334 2646 1410 2728 hic
1429 2653 1678 2754 tractamus,
1701 2670 1760 2729 ne
1784 2647 1953 2758 absque

165 2771 346 2857 ratione
379 2767 631 2858 sufficienti
665 2767 798 2854 nimis
830 2770 955 2880 longi
987 2770 1232 2857 videamur.
1263 2771 1522 2858 Notandum
1558 2781 1706 2858 tamen
1737 2763 1821 2881 est,
1863 2799 1952 2860 cos·

167 2909 315 2994 tarum
349 2895 589 2984 fracturam
618 2921 706 2982 uon
738 2897 868 2982 also
896 2897 1187 3012 penetrantia
1213 2897 1416 3014 pectoris
1446 2898 1640 2986 vrrlnera
1680 2898 1951 3016 complicata

165 3028 376 3115 reddere.
1165 3063 1171 3074 ·

970 3191 1004 3305 3
1039 3195 1171 3302 123„

853 3357 1262 3426 Dracrooru

232 3501 313 3588 Ex
346 3497 599 3618 praesentia
645 3497 1105 3608 circumstantiarum,
1147 3501 1253 3582 dum
1284 3507 1527 3613 penetrans
1554 3499 1755 3613 pectoris
1788 3501 1951 3590 varlrmt

165 3627 416 3742 infligitur,
432 3626 636 3745 inprimis
668 3625 773 3736 evi,
808 3651 922 3738 quae
963 3638 1073 3712 tunc
1107 3625 1315 3740 temporis
1347 3622 1551 3710 adhibita
1584 3621 1706 3744 fuit,
1731 3637 1952 3714 oostamm

165 3755 408 3844 fracturam
439 3756 693 3872 possibilem
725 3755 850 3840 ultro
883 3753 1112 3838 coniicere
1129 3753 1256 3845 licet.
1274 3750 1481 3844 Vulnera
1495 3751 1761 3866 sclopetaria
1778 3779 1803 3839 e
1821 3753 1953 3840 maio-
2023 3811 2028 3822 -

166 3883 230 3972 ris
262 3884 451 3974 ambitus
485 3879 706 4002 (Caliber)
743 3879 995 3987 tormentis,
1027 3879 1217 3964 vulnera
1248 3877 1345 3962 ictu
1378 3877 1739 3987 uehementiori,¹
1770 3905 1954 3994 praeser·
2005 3881 2009 3890 '

171 4010 253 4097 tim
288 4010 381 4095 telo
413 4011 589 4116 obtuso,
621 4007 695 4092 vel
728 3999 901 4114 hebeti,
933 4003 1008 4090 vel
1040 4003 1164 4119 lapsu
1195 4004 1247 4093 iu
1278 4013 1435 4118 pectus
1467 4029 1601 4120 super
1623 4004 1714 4090 late
1732 4006 1953 4092 acumina·

171 4149 282 4247 tum,
334 4135 601 4248 angulisque
639 4132 894 4250 praeditum
926 4157 1087 4248 corpus
1120 4130 1181 4252 (v.
1213 4159 1252 4218 c.
1282 4127 1453 4252 palum)
1493 4129 1674 4218 inflicta
1710 4134 1755 4220 δι
1786 4131 1954 4222 similes

166 4262 386 4351 fortuitae
418 4289 573 4350 causae
606 4259 900 4360 occasionales
931 4261 1171 4346 vulnerum
1203 4269 1359 4375 pectus
1390 4258 1742 4373 penetrantium,
1768 4261 1827 4344 de
1844 4261 1953 4364 vert

168 4403 390 4503 costarum
409 4387 619 4474 ..tracturi
649 4383 946 4503 suspicionem
978 4385 1201 4474 excitant.
1236 4383 1487 4496 Sequentia
1512 4393 1664 4472 autem
1689 4399 1950 4502 symptoma-

173 4531 216 4606 ta
250 4523 295 4608 δι
327 4518 450 4630 signa
473 4515 692 4627 majorem
722 4519 783 4602 ad
822 4512 1058 4626 diagnosiu
1090 4514 1237 4601 lucem
1260 4511 1476 4599 afferunt.
1495 4509 1720 4600 Accurate
1738 4513 1975 4626 indagant
2014 4509 2019 4522 ’

171 4651 231 4734 do
263 4657 419 4761 pectus
451 4655 501 4732 et
531 4641 774 4761 praecipue
806 4641 983 4728 ratione
1015 4639 1169 4728 habita
1201 4639 1456 4728 verisimilis
1472 4649 1690 4726 costarum
1707 4637 1949 4750 fracturae,

164 4775 470 4860 directionem
500 4798 655 4858 earum
687 4768 844 4858 stricte
876 4779 1132 4879 sequentes,
1164 4767 1335 4854 sentire
1367 4773 1592 4882 pouuinus
1625 4795 1715 4877 quo
1757 4767 1808 4852 in
1848 4768 1950 4852 loco

171 4900 442 5014 contiguitas
474 4899 578 4986 ossis
610 4899 743 5008 hujus
792 4895 1045 5010 intercepta
1094 4893 1393 5006 &mobilitas
1425 4893 1649 4980 abnormis
1683 4903 1846 4982 exorta
1878 4894 1949 4982 sit.

171 5027 288 5114 Haec
320 5026 661 5115 extremitatum
693 5021 909 5110 fracturas·
936 5021 1160 5110 mobilitas
1192 5018 1452 5110 evidentior
1482 5023 1630 5106 adhuc
1663 5017 1736 5126 fit,
1753 5019 1789 5106 si
1814 5029 1949 5128 costa,

170 5157 253 5242 ubi
286 5157 372 5240 hoc
404 5157 680 5260 observatur,
696 5161 776 5256 aut
808 5149 1068 5260 coniicitur,
1094 5151 1156 5234 ¹ab
1189 5149 1416 5236 anteriore
1447 5147 1659 5264 posticam
1692 5171 1858 5253 versus,
1875 5146 1952 5234 vel
2069 5205 2076 5218 ·

168 5287 229 5370 ab
262 5281 489 5370 exteriori
522 5305 673 5368 versus
706 5279 930 5368 internam
962 5265 1595 5394 partemcompfimitsu.1ta
1628 5271 1813 5384 quidem
1816 5283 1951 5451 posta
1987 5317 1991 5330 ·
