4942 6048
885 423 891 442 =
1003 381 1090 471 155

955 611 982 724 ς
1030 611 1132 721 169.

218 775 314 861 Iam
347 803 471 886 vero,
504 776 539 864 si
573 773 799 892 prolapsus
831 772 1056 888 pulmonis
1087 787 1276 892 propter
1307 781 1621 874 causasallatas
1646 809 1680 900 (ς
1700 815 1801 904 sss.)
1822 827 1936 914 pres-¹

156 905 306 988 sertim
341 915 463 1015 vero,
499 927 607 1012 outa
641 927 1000 1009 rucancuuarus,
1044 928 1383 993 oanouauuosus
1414 937 1506 1019 uer,
1558 919 1715 1002 reduci
1749 920 1798 1006 in
1829 956 1932 1042 peo-
2056 1011 2059 1036 Ι

157 1039 242 1115 tus'
259 1014 352 1114 non
386 1042 565 1146 potest,
609 1029 707 1112 haec
729 1016 887 1111 'locum
921 1030 1060 1112 h'abet
1094 1032 1293 1116 curative
1343 1033 1575 1124 indicatio:
1631 1070 1930 1160 Quamcumque

155 1184 246 1240 ram
278 1181 599 1246 montisacuti
633 1177 786 1240 eanms
819 1181 1029 1260 summotus
1061 1182 1277 1245 raonsrsr
1308 1186 1355 1244 m
1391 1187 1556 1256 cuorus
1590 1196 1806 1262 aucmento
1830 1209 1931 1266 eso·

155 1305 355 1370 trmuuus
384 1311 446 1370 Er
477 1309 513 1370 A
545 1307 728 1372 curuare
760 1304 910 1368 snuvrs
943 1306 1213 1372 mennam
1245 1311 1335 1372 usn.

871 1491 876 1502 ·
959 1447 985 1562 3
1023 1453 1125 1538 160.

218 1609 321 1699 Hoc
354 1616 406 1700 in
439 1643 540 1702 casu
573 1628 738 1725 autem,
771 1625 1012 1727 antequam
1032 1627 1202 1702 certum
1235 1619 1294 1706 de
1321 1615 1933 1730 indicationibusetcontra·

156 1737 509 1829 indicationibus
534 1743 754 1828 iudicium
778 1741 982 1852 feramus,
1016 1749 1140 1854 quod
1172 1749 1386 1858 regulam
1404 1765 1578 1842 nostrae
1614 1763 1778 1868 agendi
1802 1769 1933 1856 ratio·

153 1866 225 1957 nis
275 1873 548 1979 constituat,
602 1869 724 1986 omni
743 1921 745 1926 -
766 1896 872 1955 cura
921 1881 1057 1983 atque
1108 1870 1521 1988 circumspectione,
1561 1884 1618 1967 ab
1651 1913 1803 1975 errore
1851 1921 1932 1982 nos
2057 1943 2060 1952 ·

154 2007 474 2108 praecaventes,
494 1993 764 2083 'succussus
797 1987 969 2082 suarum
1003 1997 1092 2080 rite
1125 1998 1337 2110 indagare
1371 2007 1596 2094 debemus.
1632 2007 1816 2100 Etenim
1833 2047 1934 2134 pars
1967 2089 1970 2094 .

155 2119 248 2230 illa,
281 2122 355 2206 vel
387 2123 580 2238 praedita
613 2123 659 2208 vi
692 2123 835 2232 vitali,
855 2121 1052 2232 ideoque
1085 2151 1323 2236 gangraenas
1354 2157 1531 2242 prorsus
1548 2163 1642 2222 non
1656 2138 1833 2228 adiecta
1850 2157 1934 2256 est,

156 2258 289 2332 extra
322 2250 517 2364 pectoris
551 2251 786 2334 cavitatem
819 2258 969 2334 autem
1000 2249 1161 2363 posita,
1194 2253 1351 2363 livida,
1384 2257 1589 2369 siccaque
1621 2291 1704 2378 per
1744 2273 1933 2359 externi

154 2373 269 2460 airis
302 2375 540 2464 influxum
572 2377 795 2462 redditur.
826 2373 894 2458 At
934 2375 1034 2462 visu
1082 2373 1336 2502 (adspectui
1383 2386 1630 2498 deceptus,
1678 2393 1841 2505 aliquis
1872 2399 1936 2488 fa·

156 2499 244 2586 cile
278 2505 485 2615 desperet
519 2507 576 2592 de
610 2501 733 2588 illius
766 2501 956 2586 sanitate
989 2513 1036 2588 et
1070 2530 1173 2612 quae
1207 2505 1384 2616 integra
1416 2522 1588 2620 aegroto
1621 2521 1787 2604 servari
1812 2538 1935 2637 pote·

157 2640 240 2734 rat,
275 2656 368 2713 eam
401 2655 712 2745 praeproperus
760 2636 933 2712 resecet
964 2628 1130 2746 absque
1164 2629 1275 2744 xtillo
1309 2635 1625 2728 emolumento.
1660 2641 1934 2739 Huiusmodi
2024 2729 2031 2744 .

156 2751 352 2840 errorem
386 2761 611 2866 quondam
645 2747 904 2838 commisisse
924 2743 1144 2874 'Lorsuau
1179 2775 1237 2862 (G,
1266 2779 1434 2846 Lorsmu.
1455 2783 1527 2850 ota.
1553 2787 1667 2858 mstis.
1681 2792 1868 2887 aratsmg.
1900 2819 1932 2886 ρ.

160 2877 277 2991 nent)
309 2881 403 2996 ipse
436 2881 693 2995 profitetur.
726 2877 830 2986 Ille,
847 2890 1078 2993 postquam
1111 2879 1239 2964 Iobus
1274 2881 1458 2992 quidam
1486 2889 1709 3000 pulmonis
1742 2900 1935 2990 vulnere

155 3007 247 3092 lato
281 3013 338 3092 ad
371 3015 585 3095 dextrum
618 3017 776 3122 pectus
808 3005 932 3090 inter
968 3005 1144 3127 tertiam
1179 3019 1226 3091 et
1259 3020 1459 3117 quartam
1478 3027 1640 3102 costam
1664 3021 1760 3106 ictu
1793 3025 1935 3134 gladii

155 3135 299 3242 illato,
331 3137 559 3249 prolapsus
592 3146 729 3218 extus
762 3133 1039 3216 intumuerat
1072 3143 1120 3217 et
1153 3133 1271 3218 circa
1305 3149 1500 3246 quatuor
1531 3141 1627 3230 dies
1661 3175 1753 3232 non
1770 3155 1934 3267 reponi..

73 3235 76 3248 ¹
159 3271 228 3346 tus
261 3261 519 3348 flaccessere
554 3273 690 3371 atque
711 3235 880 3344 ¹siccari
913 3261 1293 3373 cooperatione
1326 3289 1577 3376 gangraena
1601 3287 1856 3389 correptum
1874 3309 1935 3370 es·

156 3415 202 3473 se
236 3389 515 3474 existimavit
547 3397 595 3472 et
627 3385 821 3469 resecuit
854 3380 983 3467 illum
1016 3385 1370 3474 horizontaliter.
1403 3389 1470 3476 At
1501 3393 1553 3478 in
1585 3423 1742 3507 aquam
1764 3408 1936 3518 proice.

160 3525 253 3600 tum
285 3516 533 3599 naturalem
567 3540 693 3598 suurn
727 3501 920 3595 colorem
941 3511 1144 3626 recipere
1164 3541 1266 3597 eum
1299 3515 1432 3626 vidit3
1466 3545 1530 3603 ex
1565 3551 1655 3632 quo
1696 3529 1936 3622 evidenter

156 3642 378 3756 apparuit,
412 3643 532 3726 idem
564 3650 692 3754 parte
725 3637 776 3722 in
808 3647 963 3751 pectus
997 3637 1204 3752 reposita,
1239 3654 1508 3730 eventurum
1526 3645 1672 3736 fuisse.
1689 3653 1832 3744 Recte
1849 3660 1936 3746 for·

157 3795 235 3851 san
268 3771 472 3852 observat
505 3771 563 3850 de
596 3765 818 3879 pulmonis
850 3763 1057 3879 prolapsu
1089 3765 1139 3847 in
1171 3765 1454 3852 Dictionario
1489 3773 1775 3863 scientiarum
1799 3790 1936 3873 medi·

157 3885 412 3974 cinalium³)
444 3901 615 3996 auctor,
632 3915 783 3973 omnes
808 3883 865 4006 (i)
899 3882 997 4004 (nos
1031 3889 1218 3976 dicimus
1251 3891 1438 4014 enonas)
1453 3899 1750 4012 prolapsurum
1766 3913 1936 4022 pulmo-

59 4103 65 4108 ,
156 4041 268 4100 num
301 4015 494 4132 partium
527 4013 798 4108 resectiones
830 4013 976 4098 minus
997 4017 1270 4118 ,necessariae
1302 4015 1506 4132 fuissent,
1544 4026 1630 4110 nisi
1680 4030 1934 4142 ignorantia

156 4146 469 4254 chirurgorum
503 4153 551 4228 et
584 4137 787 4227 sinistrae
827 4141 1177 4251 circumstantiae
1226 4145 1468 4264 prolapsam
1499 4153 1723 4266 pulmonis
1760 4177 1932 4276 partem

154 4271 290 4358 nimis
323 4271 405 4356 diu
438 4269 532 4355 aiiri
565 4269 891 4386 exposuissent.
1022 4321 1026 4336 ·
1160 4362 1164 4374 ,
1434 4321 1443 4334 v
1512 4357 1525 4364 -
1621 4297 1631 4310 ‘

967 4437 993 4550 S
1031 4439 1133 4524 161.

222 4602 380 4692 Omnis
411 4601 616 4716 receptio
650 4623 804 4711 (5159.)
840 4601 876 4687 si
909 4601 1059 4714 plense
1090 4605 1150 4690 de
1183 4589 1406 4691 industria
1438 4603 1659 4696 faciendae
1698 4629 1933 4735 separatio·
2004 4599 2007 4608 ⁵

154 4731 208 4816 ni
243 4757 385 4850 carrsae
419 4735 623 4839 quaedam
656 4725 707 4808 in
739 4727 882 4840 primo
914 4739 1141 4814 momento
1174 4734 1369 4843 obstent,
1407 4733 1471 4820 ita
1504 4737 1687 4846 quidem
1725 4753 1934 4860 prohibe.

157 4871 236 4943 tur
265 4859 548 4971 plerumque,
582 4853 617 4938 si
650 4879 748 4966 pars
779 4855 989 4970 prolapsa'
1011 4878 1116 4940 emo
1149 4857 1436 4972 circumdata,
1471 4873 1608 4974 atque
1641 4871 1699 4950 ad
1722 4875 1933 4988 deligato

59 5082 63 5092 =
157 5051 213 5134 w)
240 5047 370 5110 Borma.
398 5041 514 5110 'fraite
541 5038 606 5106 des
633 5004 805 5106 maledieo
831 5001 1085 5126 chinirgicales
1112 5051 1149 5108 et
1174 5039 1238 5108 des
1264 5045 1480 5134 ope'rations,
1496 5049 1558 5138 qui
1584 5050 1661 5120 leur
1686 5060 1931 5132 convienneng

237 5151 289 5214 8⁰.
317 5144 424 5210 Paris.
451 5146 493 5210 T.
519 5145 594 5210 Vll.
630 5145 734 5206 1821.
762 5161 799 5230 p.
830 5143 912 5208 265.

159 5249 203 5339 x)
229 5245 463 5320 Dromonem
487 5261 551 5314 nrt
575 5247 735 5316 suasero
759 5243 964 5314 mmmm.
980 5240 1033 5314 'n
1061 5245 1178 5314 xuv.
1205 5267 1242 5336 p.
1258 5231 1356 5316 538.

1813 5393 1872 5452 20
