4942 6048
1399 431 1459 533 34

540 654 715 743 ratione
746 653 905 742 venire
938 681 1039 739 cum
1070 652 1296 767 sanguinis
1329 651 1584 768 quantitate
1617 653 1668 738 in
1699 655 1894 770 pectoris
1926 655 2119 741 cavitate
2162 664 2318 742 extra·

539 796 697 870 vasata.
729 783 821 867 Hic
855 784 975 869 enim
1006 785 1255 897 peculiares
1272 787 1477 894 quaedam
1493 783 1777 869 conditiones
1808 788 2047 896 accedrmt,
2066 785 2192 870 inter
2207 807 2320 894 quas

539 939 633 1024 prae
667 911 852 1022 reliquis
886 937 1035 1025 operae
1067 911 1264 1025 pretium
1296 921 1362 997 est
1395 937 1734 998 comemmorare
1775 921 1936 996 statum
1968 911 2140 1023 aegroti
2174 915 2319 1024 dyna-

472 1079 475 1084 ·
538 1037 702 1122 micum
734 1039 786 1120 in
819 1065 1001 1149 genere,
1033 1038 1317 1126 conditiones
1333 1037 1575 1148 sanguinis,
1609 1037 1907 1148 quantitatem
1941 1037 2036 1146 ejus
2063 1049 2112 1122 et
2129 1038 2319 1150 qualita-

542 1173 632 1250 tem
665 1173 989 1262 concernentes
1022 1176 1069 1252 et
1105 1175 1446 1280 temperaturam
1462 1163 1616 1274 medii,
1633 1170 1757 1276 quod
1771 1165 1852 1251 ille
1869 1163 2128 1280 respirando
2145 1164 2313 1250 haurit.

1333 1332 1382 1446 ,S
1423 1335 1497 1438 84.

600 1493 683 1579 Ex
716 1521 771 1581 eo
810 1523 1008 1607 quoque,
1051 1500 1176 1606 quod
1223 1507 1417 1608 aegrotus
1466 1519 1637 1583 aarum
1684 1521 2096 1583 uxuaavasanoms
2144 1495 2316 1582 incum-

535 1623 663 1731 bens,
696 1624 781 1708 sibi
814 1625 1017 1709 levamen
1052 1643 1086 1730 (s
1115 1653 1161 1712 so
1190 1645 1255 1732 A.)
1281 1652 1308 1708 a
1327 1615 1624 1708 'Ravnuono⁰)
1656 1633 1707 1706 ut
1724 1623 1898 1734 signum
1923 1623 2317 1738 pathognomicum
2463 1707 2464 1734 ἶ

535 1750 757 1858 habitum,
789 1749 991 1864 opposito
1008 1750 1201 1836 innixus
1234 1760 1392 1834 contra
1424 1776 1599 1859 gravem
1632 1751 1912 1851 anxietatem
1945 1751 2124 1860 sentiat,
2141 1747 2316 1859 sangui·

534 1875 606 1959 nis
658 1877 1063 1964 extravasationem
1093 1871 1360 1988 indagantes
1391 1903 1485 1960 non
1517 1876 1665 1960 minus
1699 1876 1750 1957 in
1783 1903 1977 1961 errorem
2011 1875 2169 1962 induci
2220 1899 2318 1990 pos·

534 2026 696 2110 sumns,
729 2029 860 2112 quam
892 2004 944 2086 in
976 2006 1233 2089 universum
1266 2005 1385 2087 circa
1418 2001 1821 2087 extravasationem
1852 2003 2043 2087 aliorum
2076 2001 2128 2088 in
2164 2011 2316 2116 pecto·

532 2153 585 2211 re
618 2128 861 2236 liquorum,
893 2139 946 2213 ut
979 2157 1055 2216 ex.
1075 2129 1222 2248 grsin
1255 2141 1548 2243 empyemate.
1583 2151 1806 2237 (sammua.
1839 2147 1980 2218 Versuct
2014 2159 2103 2216 eam
2122 2161 2227 2238 praa.
2244 2147 2317 2216 At·

533 2271 699 2362 tomung
724 2275 799 2341 saer
825 2275 987 2342 Knoctm.
1018 2278 1197 2364 urtangm.
1223 2278 1336 2362 1782)
1386 2254 1689 2370 Experientia
1723 2258 1871 2362 docet,
1922 2254 2123 2336 dolorem
2174 2277 2314 2362 aegro·
2463 2255 2464 2282 ¹

536 2371 572 2457 ti
607 2383 849 2460 extensum
882 2378 963 2487 qui
997 2377 1047 2461 in
1079 2403 1185 2464 sano
1217 2381 1358 2465 latere
1390 2383 1523 2490 jacet,
1555 2407 1651 2464 non
1689 2381 1829 2464 solum
1875 2377 2163 2493 pulmonibus
2213 2403 2315 2462 cum

531 2499 799 2586 mediastino
833 2503 1006 2590 coalitis
1038 2507 1202 2615 abesse,
1221 2507 1451 2592 sedetiam
1483 2533 1600 2615 eum,
1633 2505 1713 2615 qui
1747 2506 1797 2588 in
1829 2503 2201 2589 extravasationis
2254 2503 2313 2586 la·

535 2633 633 2710 tere
665 2622 799 2737 jacet,
831 2630 1065 2737 molestias,
1100 2631 1181 2740 qni
1213 2643 1364 2718 autem
1397 2633 1448 2716 in
1480 2633 1623 2717 altero
1656 2631 1801 2715 nullas
1832 2657 2008 2746 prorsus
2032 2629 2201 2715 sentire
2217 2655 2312 2744 posq

533 2775 594 2837 se.
626 2749 729 2836 Hoc
762 2755 946 2864 quidem
979 2757 1081 2840 satis
1097 2758 1278 2870 probari
1294 2760 1479 2843 videtur
1494 2751 1721 2872 exemplo,
1740 2762 1861 2867 qnod
1877 2755 2025 2842 adfert
2044 2749 2313 2840 Louriane
2463 2757 2464 2766 '

530 2903 695 3007 nempe
728 2892 947 2990 aegrotum
979 2887 1203 2992 quendam
1234 2885 1309 2970 vel
1348 2887 1488 2998 breve
1540 2896 1709 2996 tempus
1747 2883 1925 2998 perpeti
1965 2897 2069 2967 ‘non
2116 2881 2314 2997 potuisse

530 3003 664 3088 lateri
700 3003 879 3092 sinistro
912 3008 1144 3119 incubare,
1176 3035 1347 3126 semper
1378 3037 1486 3096 vero
1519 3015 1578 3095 ad
1608 3014 1825 3093 dextrum
1857 3035 1902 3094 se
1935 3018 2199 3094 convertere
2242 3035 2311 3093 co-
2463 3117 2464 3124 Ν

526 3140 678 3214 actum
713 3157 823 3240 esse,
855 3133 1062 3244 quamvis·
1090 3148 1237 3221 tamen
1268 3148 1420 3251 postea
1454 3147 1680 3251 repertum
1715 3136 1787 3244 sit,
1821 3135 2226 3220 extravasationem
2260 3137 2321 3220 in‘

530 3266 715 3368 pectore
748 3259 926 3346 sinistro
959 3263 1105 3344 locum
1138 3263 1353 3352 habuisse.
1376 3263 1628 3376 ‚Monqacrn
1659 3272 1806 3345 antem
1841 3262 1890 3344 in
1925 3287 2040 3370 casu,
2057 3289 2190 3372 quem
2214 3289 2312 3375 sup·
2463 3343 2464 3380 p

531 3407 581 3464 ra
614 3401 649 3487 (ς
676 3407 737 3488 76,
755 3403 797 3488 9)
814 3387 1021 3494 vidimus,
1054 3387 1258 3496 loquitur
1273 3392 1331 3471 ad
1346 3391 1469 3472 hunc
1485 3394 1677 3473 modum:
1694 3389 1847 3497 “aeger
1878 3391 1923 3471 ἃ
1954 3389 2137 3500 supinus
2171 3399 2220 3471 et
2260 3389 2313 3474 in
2463 3443 2464 3464 ι

463 3509 470 3516 ’
529 3516 808 3620 „utrumque
843 3512 988 3616 libere
1005 3513 1119 3596 latus
1136 3517 1300 3599 cubare
1317 3516 1541 3629 perrexit,
1560 3513 1692 3633 (quin
1726 3514 1861 3598 etiam
1878 3514 1927 3597 in
1944 3514 2112 3598 lectulo
2124 3516 2313 3624 sedens,

529 3634 792 3746 „epistolam
828 3635 1022 3756 scripsit)
1056 3665 1207 3748 neque
1241 3665 1435 3749 umquam
1469 3649 1527 3728 de
1561 3640 1707 3725 cordis
1739 3666 1920 3749 angore,
1936 3649 2015 3724 aut
2029 3643 2186 3726 dolore
2205 3667 2342 3724 oon·-

529 3770 747 3868 „questus
777 3775 857 3850 est.
884 3763 1058 3850 Cavum
1092 3777 1241 3850 autem
1273 3768 1499 3852 sinistrum
1546 3766 1710 3850 fluidi'
1733 3767 1959 3875 sanguinis
2007 3766 2311 3880 plenissimum

528 3883 712 3995 „fuisse
747 3891 972 3977 cadaveris
1004 3893 1224 4006 inspectio
1257 3895 1456 4006 edocuit,
1488 3895 1540 3978 in
1574 3920 1665 4003 quo
1695 3893 1848 4007 pulmo
1882 3893 2087 4004 undique
2137 3893 2311 3980 solutus

527 4023 609 4122 „et
641 4041 770 4101 sanus
801 4018 1028 4105 natabat.“

592 4139 752 4252 Neque
784 4171 877 4228 non
894 4171 1039 4232 sursus
1056 4171 1268 4234 mnunnrs
1291 4177 1333 4234 m
1349 4171 1720 4256 nrarnnaonsuu
1737 4164 1774 4254 (ς
1804 4171 1864 4240 so,
1893 4167 1949 4254 a)
1967 4147 2092 4232 abest
2107 4147 2310 4258 aliquan·

527 4267 610 4373 do,
643 4269 855 4380 pulmone
887 4271 950 4356 sic
984 4275 1107 4359 inter
1139 4275 1257 4358 illud
1289 4286 1337 4360 et
1378 4274 1750 4370 extravasationis
1796 4268 1968 4354 sontem
2009 4301 2111 4356 cum
2150 4277 2310 4388 pleura

526 4392 708 4500 coalito,
743 4404 794 4477 ut
827 4410 999 4512 septum
1033 4383 1257 4510 quoddam
1290 4399 1485 4510 efficiat,
1521 4430 1611 4512 quo
1644 4395 1820 4512 sanguis
1860 4408 2167 4486 extravasatus
2205 4403 2310 4488 hae·

523 4542 628 4601 rere
663 4515 831 4634 possin)
868 4525 1009 4640 (unde
1044 4527 1227 4636 quidem
1260 4530 1453 4637 gravitas
1485 4529 1564 4611 illa
1596 4555 1652 4614 eo
1685 4529 1805 4630 loco,
1842 4515 1939 4629 quo
1970 4527 2151 4614 coalitio
2185 4526 2310 4612 exti-

526 4642 585 4727 tit
618 4647 777 4731 sentiri
811 4651 978 4735 debere
1011 4649 1279 4774 videretur).
1312 4649 1600 4746 Vaussnvat)
1638 4646 1891 4742 observavit
1922 4653 2169 4767 aliquando
2201 4651 2311 4742 sini·

530 4833 702 4868 A*

518 4909 560 4985 n)
590 4903 761 4981 Ravaror.
794 4933 823 4979 ι.
841 4933 871 4978 c.
901 4936 936 5002 p.
957 4936 1038 4982 nan.

520 5005 564 5106 o)
593 5016 745 5082 Iouam
770 5035 813 5082 uu
839 5017 1011 5082 Mmrcusr
1036 5027 1224 5084 umnam.
1252 5039 1283 5088 ι.
1310 5039 1345 5091 ο.
1369 5021 1410 5090 Τ.
1424 5021 1467 5088 V.
1484 5037 1519 5108 p.
1536 5022 1620 5106 5742

520 5121 563 5201 p)
592 5119 767 5184 Carmana.
791 5138 820 5184 ι.
853 5137 884 5184 c.
911 5138 946 5206 p.
964 5121 1050 5205 595.
1076 5121 1095 5206 ᾗ
1120 5109 1251 5188 Mctx.

518 5219 564 5305 q)
589 5221 784 5292 marcaon.
812 5241 842 5290 ι.
870 5239 902 5288 c.
929 5223 1044 5292 T.1V.
1073 5220 1224 5294 Lib.1v.
1250 5221 1347 5314 Epist
1370 5203 1548 5293 Lm'art.
1578 5225 1603 5292 5
1629 5233 1665 5294 et
1691 5225 1714 5290 6
1739 5243 1776 5314 p.
1794 5227 1876 5315 269.
