4960 6054
1048 459 1091 512 ΧῙ

176 693 263 752 nus
296 661 429 750 facile
461 659 694 774 quisquam
715 653 900 778 ¹infitias
932 655 1036 764 ibit,
1074 681 1282 768 magnum
1314 656 1724 776 medico-practico,
1756 659 1961 758 levamen

54 797 59 808 ’
172 812 513 932 subsidiumque
562 807 672 891 inde
704 804 874 922 parari,
907 805 943 890 si
976 804 1146 914 omnia,
1173 831 1288 916 quae
1322 805 1554 916 hucusque
1587 812 1646 894 de
1679 809 1827 920 aliqua
1867 815 1962 902 Me·

177 929 355 1044 diuinae
388 967 531 1072 parte,
564 955 619 1036 ab
644 925 751 1038 'aliis
784 950 899 1040 scitu
933 950 1070 1061 digna
1100 952 1274 1065 prolata
1305 963 1608 1064 annotataque
1636 951 1840 1067 fuerunt,
1858 987 1962 1046 con.

177 1105 306 1190 tinua
354 1105 469 1190 serie
501 1101 742 1216 proposita,
776 1099 1026 1209 criticeque
1059 1107 1344 1212 pertractata,
1378 1125 1471 1183 uno
1506 1111 1747 1216 conspectu
1785 1103 1961 1194 intueri
2014 1107 2044 1224 s

173 1254 221 1338 ei
254 1249 511 1362 contigerit,
1401 1255 1405 1264 '
1630 1265 1642 1288 ‘

241 1397 312 1485 Ita
344 1401 522 1482 demmn
556 1419 623 1502 ea,
657 1419 744 1503 qua
775 1417 857 1506 par
889 1398 956 1476 est
988 1389 1218 1499 modestia,
1259 1392 1383 1477 hune
1421 1369 1629 1504 lihelium
1669 1377 1959 1510 'reipublicae

162 1533 413 1630 'litterariae
449 1545 575 1626 trado
608 1537 945 1650 committoque,
978 1537 1220 1624 certissime
1252 1564 1496 1654 persuasus,
1541 1542 1666 1650 quod
1705 1543 1803 1627 ver'i
1837 1544 1960 1634 litte·
2077 1529 2082 1546 ⁸

185 1719 331 1777 rarum
380 1690 591 1796 cultores,
630 1685 896 1802 iudicesque
929 1684 1037 1770 artis
1069 1682 1208 1800 periti
1240 1685 1352 1768 haec
1386 1685 1534 1770 studia
1567 1669 1663 1772 mea
1697 1687 1961 1800 benigniter

177 1821 445 1953 exceptmi‘
470 1832 697 1968 aequique
729 1829 1003 1918 aestimaturi
1039 1831 1143 1918 sint.
1177 1829 1276 1942 Ego
1310 1830 1517 1942 quidem,
1552 1811 1770 1942 quantum
1804 1835 1854 1918 in
1887 1863 1959 1928 me

163 1986 281 2094 erit,
314 2011 408 2066 non
439 1980 807 2097 praetermittam,
841 2003 1013 2064 errores
1046 1976 1096 2060 in
1129 1977 1245 2060 hane
1277 1976 1462 2092 primam
1494 1989 1666 2090 partem
1699 1977 1961 2070 elaboratio·
2029 1960 2033 1972 ,

176 2135 246 2218 nis
279 2131 397 2216 sorte
430 2128 621 2241 illapsos,
654 2124 857 2234 mihique
891 2131 1268 2230 commonstratos,
1301 2123 1506 2207 consulto
1556 2122 1809 2235 corrigere,
1845 2127 1962 2216 simi.

176 2283 330 2390 lesque
379 2255 542 2360 riaevos
575 2272 625 2358 in
665 2270 871 2358 editione
904 2267 1037 2356 alteri
1074 2243 1285 2352 tractatus
1317 2264 1558 2379 fragmenti
1590 2268 1713 2353 omni
1746 2297 1853 2358 cura
1886 2280 1960 2362 ad·

151 2395 322 2511 'hibita
371 2417 591 2531 effugere3
629 2418 691 2504 sic
725 2416 925 2524 eveniet,
965 2425 1020 2500 ut
1050 2415 1138 2498 hoo
1169 2413 1362 2528 primum
1410 2393 1639 2501 tentamen
1670 2415 1729 2504 de
1761 2419 1960 2509 vulneri.

175 2575 258 2660 bus
289 2568 483 2687 pectoris
515 2561 873 2682 penetrantibus,
907 2561 1000 2649 solo
1031 2558 1084 2644 in
1116 2557 1290 2647 litteras
1328 2587 1477 2650 amore
1510 2587 1536 2648 a
1567 2585 1639 2648 me
1691 2579 1960 2688 alstemum,

176 2728 395 2834 qnantum
427 2711 532 2799 fieri
564 2709 717 2827 possit,
748 2707 907 2794 utilius
938 2707 1169 2794 reddatur.

881 3007 1228 3068 xm
