4960 6054
1059 400 1120 508 45

763 643 794 718 .·
1017 629 1160 744 sao.
1572 715 1575 724 .

247 781 632 910 complicationes
662 791 902 880 vannorum
933 801 1090 909 pectus
1121 779 1458 908 penetrantium
1491 793 1721 882 mneos
1746 797 1811 883 ad
1844 799 1979 915 speci·
2083 857 2087 866 »

170 941 236 1040 ἱθε
270 932 509 1031 sequentes
541 921 836 1032 rediguntur:
1402 909 1404 916 ⁸
1660 1023 1675 1030 ,

251 1045 312 1157 Α,
345 1045 596 1134 Praesentia
630 1049 827 1166 corporis
860 1047 1000 1135 alieni
1035 1048 1085 1133 in
1120 1048 1329 1158 vulnere,
1345 1046 1456 1134 “sive
1474 1037 1961 1162 iri'pectorisoavitate.

250 1169 308 1286 Β,
340 1171 679 1286 Haemorrhagia
709 1177 884 1263 fe--vasis
911 1175 1148 1262 ‘amedeus
1182 1199 1277 1260 non
1309 1173 1478 1287 exigui
1508 1176 1735 1266 nicoeni.

251 1299 305 1410 C,
342 1299 583 1412 Sanguinis
616 1303 666 1390 in
697 1307 886 1390 thorace
915 1291 1234 1390 entmvasatio.

249 1427 309 1536 D,
342 1427 575 1514 Gestarum
604 1429 819 1518 fractura.
1034 1506 1038 1513 .
1473 1537 1476 1544 Ι

247 1551 308 1662 Ε,
339 1553 655 1668 Emphysema,
688 1585 783 1643 non
815 1557 941 1673 parvi
974 1555 1204 1644 momenti.
1278 1629 1280 1634 .
1369 1645 1371 1650 .

216 1675 301 1788 Ἢ,
335 1671 570 1770 Pulmonis
601 1687 840 1801 prolapsus.
1236 1771 1241 1784 ,
1376 1779 1379 1792 ,

240 1805 305 1916 G,
338 1807 629 1896 Internarum
664 1811 856 1900 thoracis
886 1809 1082 1928 partium
1114 1807 1276 1897 laesio..

669 2103 1008 2197 CAPUT
1072 2101 1497 2194 PRIMUM.
1593 2154 1596 2162 ·

438 2285 1017 2404 Dnun'ausnnm
1065 2318 1297 2396 turnus
1346 2333 1693 2397 conserus.

850 2501 860 2527 “
995 2535 1026 2654 *s
1061 2545 1135 2646 41·
1247 2511 1250 2517 ’

885 2701 1252 2770 Occuneos

235 2835 297 2929 In
328 2839 593 2930 vulneribus
624 2855 780 2960 pectus
811 2845 1158 2962 penetrantibus
1191 2843 1241 2928 in
1275 2867 1458 2954 genere,
1502 2839 1736 2958 ,praecipue
1769 2840 1962 2928 veroin
2048 2905 2052 2914 -

173 2966 440 3054 muneribus
472 2972 763 3084 eolopetariis‚
779 2975 947 3058 accidit
964 2972 1216 3087 saepissime,
1234 2979 1287 3052 ut
1304 2968 1671 3058 vestimentomm
1689 2979 1856 3089 partes,
1874 2996 1960 3054 em·

172 3092 303 3180 bolus
340 3097 420 3184 teli
454 3089 656 3206 igniferi,
681 3098 814 3207 glans
844 3099 1070 3213 plumbea,
1105 3097 1212 3204 sive,
1247 3123 1383 3205 quum
1415 3093 1551 3180 costae
1583 3104 1662 3180 aut
1694 3123 1742 3182 os
1760 3107 1960 3184 eternum

18 3241 22 3264 ³
170 3207 313 3306 fracta
347 3223 454 3331 sint,
493 3250 612 3309 ossea
645 3221 915 3334 fragmenta,
946 3225 1041 3310 eive
1077 3223 1127 3307 in
1161 3222 1427 3309 vulneribus
1456 3222 1652 3336 punctis,
1683 3233 1763 3307 aut
1800 3233 1958 3332 totum,

74 3415 84 3428 .
170 3356 249 3430 aut
274 3349 425 3461 ¹cuspis
458 3350 730 3436 solummodo
765 3351 848 3436 teli
881 3351 1028 3460 fracti,
1046 3349 1280 3434 cavitatem
1312 3348 1508 3460 pectoris
1533 3343 1785 3464 penetrent
1818 3359 1866 3434 et
1881 3349 1958 3434 vel

169 3466 295 3557 inter
326 3473 526 3588 pleuram
561 3487 607 3561 et
638 3477 872 3591 pulmones
905 3478 1096 3584 lateant,
1145 3477 1220 3560 vel
1250 3479 1310 3558 ad
1334 3477 1595 3590 pulmones,
1622 3475 1715 3561 sive
1749 3503 1825 3592 cor
1852 3502 1954 3591 per.-

172 3598 367 3711 tingant,
399 3603 474 3686 vel
507 3601 558 3692 in
591 3602 847 3690 mediastini
880 3605 1223 3720 duplicaturam,
1241 3603 1316 3688 vel
1342 3628 1489 3719 xnsqtse
1507 3600 1886 3718 adoliaphsagma,
1901 3601 1954 3688 si·

166 3745 223 3812 ve
251 3755 338 3842 per
368 3726 487 3816 illud
518 3730 635 3818 viam
658 3731 753 3818 eibi
785 3727 967 3820 fociant.
1519 3729 1520 3735 Ν

993 3897 1020 4012 s
1053 3902 1128 4003 42.

859 4065 1264 4133 Dxaonos1s

225 4191 519 4286 Praesentiam
555 4203 599 4288 er
631 4205 780 4288 sedem
812 4205 1010 4320 corporis
1041 4203 1198 4313 alieni,
1228 4198 1457 4317 praecipue
1487 4219 1597 4285 vero
1628 4193 1862 4312 giandium
1896 4201 1946 4288 in
2056 4217 2060 4222 '

162 4321 355 4412 vulnere
389 4327 613 4438 definire,
665 4342 732 4416 est
777 4358 894 4444 saepe
928 4359 997 4417 res
1045 4341 1099 4414 ut
1132 4328 1359 4438 difficilis,
1408 4327 1471 4412 ita
1503 4353 1718 4442 perquam
1752 4355 1946 4416 necessa·

160 4449 245 4560 ria3
279 4452 385 4562 quia
417 4483 579 4571 nempe
612 4456 663 4542 in
696 4482 750 4541 eo
783 4459 1126 4560 determinando
1176 4457 1242 4542 vis
1282 4483 1376 4540 non
1409 4449 1509 4538 ¹raro
1558 4456 1753 4542 maxima
1800 4457 1947 4571 posita

161 4585 241 4664 est.
274 4577 388 4665 Haec
422 4584 605 4692 quidem
637 4587 878 4700 praesentia
911 4585 962 4670 in
995 4587 1251 4672 universum
1286 4581 1569 4693 cognoscitur
1601 4610 1807 4670 nunnonu
1849 4585 1943 4670 sive

160 4706 314 4817 partis,
347 4709 440 4795 sive
476 4712 612 4799 totius
643 4737 759 4823 unni,
793 4740 883 4826 quo
915 4713 1079 4800 vulnus
1096 4713 1269 4798 illatum
1287 4719 1368 4818 est,
1392 4735 1606 4796 stannus
1623 4735 1775 4798 uacuas
1789 4713 1847 4795 ab
1865 4713 1946 4794 illc

160 4839 213 4916 et
231 4857 398 4943 nauem,
414 4864 500 4923 nec
516 4867 610 4925 non
628 4857 994 4928 sumnnoutnmus
1010 4865 1308 4948 sauciemus,
1331 4837 1442 4922 inde
1458 4836 1581 4948 ortis.
1607 4834 1658 4928 Si
1675 4838 1796 4923 enim
1818 4840 1944 4948 glane
2101 4913 2115 4936 „

158 4981 199 5044 e.
233 4984 274 5069 g.
308 4961 414 5047 sive·
437 4965 589 5076 telum,
607 4968 681 5052 vel
715 4967 859 5083 cuspis
892 4969 1000 5078 ejus,
1035 4995 1122 5078 qua
1156 4969 1318 5051 vulnus
1352 4965 1524 5048 illatum
1558 4976 1640 5076 est,
1674 4965 1796 5049 omni
1830 4990 1937 5048 cura

154 5085 376 5202 adhibita,
408 5118 503 5212 non
522 5094 764 5208 reperitur,
795 5094 832 5180 si
865 5121 962 5208 pars
998 5107 1143 5181 costae
1175 5093 1331 5178 fractas
1354 5098 1495 5202 deest,
1528 5092 1564 5178 si
1598 5092 1649 5177 in
1666 5091 1935 5176 vestimento

152 5224 310 5327 pectus
346 5225 527 5330 tegente
559 5219 760 5310 foramen
793 5222 1069 5339 conspicitur
1100 5230 1148 5311 et
1180 5231 1487 5337 symptomata,
1517 5245 1629 5308 mox
1660 5217 1948 5307 vulneratis
