4942 6048
509 681 594 752 ,se
624 646 804 738 lethalis
844 641 951 730 fieri
980 648 1146 756 potest,
1190 634 1363 753 duplici
1396 633 1580 752 insuper
1610 637 1785 722 modae
1803 631 2020 746 sanguine
2038 645 2325 724 extravasato

546 778 771 898 provenit:
1304 849 1307 854 .

616 919 661 992 1⁰
686 904 924 988 Rnsraouu
966 915 1242 980 uacuamcor
1259 917 1397 1002 quum
1431 899 1780 998 extravasatum,
1809 887 1950 1004 spatio
1968 891 2160 1004 pectoris
2179 917 2324 976 coarc-

550 1044 659 1140 tato,
692 1028 786 1116 sani
818 1023 1042 1140 pulmonis
1075 1017 1388 1106 extensionem
1423 1017 1652 1130 impediat,
1685 1016 1778 1101 sive
1810 1042 1986 1130 prorsus
2009 1016 2323 1131 interrumpat.

452 1163 460 1172 ’
548 1161 651 1246 Hoc
683 1157 757 1242 vel
790 1152 923 1238 citius
956 1146 1127 1252 evenit,
1159 1147 1234 1229 vel
1267 1141 1438 1229 diutius
1470 1145 1766 1257 protrahitur,
1798 1153 1935 1255 prout
1982 1145 2081 1257 plus
2121 1145 2323 1230 minusve

548 1278 854 1400 respirationis
871 1275 1022 1360 luntio
1039 1271 1266 1358 adiicitur.
1285 1268 1506 1354 Celeritas
1538 1279 1727 1354 eventus
1759 1293 1931 1382 semper
1961 1281 2119 1354 notum
2136 1267 2321 1356 suffoca·

359 1377 363 1384 .
470 1475 472 1481 -
551 1410 687 1498 tionis
719 1415 963 1518 symptoma
995 1425 1144 1484 secum
1178 1394 1330 1480 trahit.
1362 1392 1508 1480 Aliud
1540 1395 1725 1503 accidit,
1757 1421 1896 1505 quum
1929 1393 2050 1480 idem
2082 1398 2208 1482 lente
2225 1425 2323 1511 pro-

548 1543 682 1623 cedat
714 1543 761 1632 et
794 1530 844 1614 in
876 1534 1072 1642 pectore,
1091 1517 1252 1608 sensim
1283 1521 1589 1636 paulatimque
1622 1522 1808 1607 oriatur.
1826 1521 1941 1607 Illae
1957 1524 2324 1610 commutationes

547 1689 630 1778 per
662 1662 821 1778 gradus
853 1653 980 1765 quasi
1012 1651 1099 1737 sibi
1131 1649 1327 1734 invicem
1360 1639 1615 1758 sequentes,
1632 1649 1861 1762 praecipue
1877 1649 2189 1734 dilucidantur
2205 1651 2324 1734 Lau·

549 1789 693 1872 ΜΨ)
726 1779 1115 1892 disquisitionibus
1148 1780 1206 1862 de
1247 1775 1386 1890 causis
1418 1776 1543 1889 parvi
1576 1801 1812 1883 successus,
1828 1775 1977 1884 ‘quem
2011 1779 2214 1890 operatio
2239 1805 2325 1860 em·

439 1986 442 1990 ,
547 1912 768 2030 pyematis
800 1918 984 2023 propter
1016 1903 1139 2018 puris
1172 1905 1218 1988 dr
1258 1900 1486 2010 sanguinis
1503 1902 1882 1988 extravasationes
1899 1901 1950 1984 in
1965 1914 2149 2016 pectore
2173 1906 2324 1989 habet.

548 2037 782 2148 Ejusmodi
799 2042 1082 2142 aegrotorum
1098 2029 1296 2116 dissectis
1314 2027 1602 2114 cadaveribus
1618 2055 1709 2114 sese
1726 2023 2014 2142 persuaserat,
2031 2030 2140 2114 alam
2156 2033 2326 2145 pulmo·

446 2211 451 2224 ·
549 2194 676 2273 num,
710 2163 760 2268 in
796 2163 976 2246 thorace
1010 2153 1370 2241 extravasatione
1402 2151 1596 2262 adfecto,
1637 2155 1866 2241 subsidere
1916 2166 1963 2241 et
2010 2161 2117 2240 dum
2166 2158 2326 2242 sensim

549 2290 856 2406 paulatimque
890 2285 1067 2402 huruori
1109 2283 1158 2364 in
1193 2279 1384 2366 cavitate
1435 2291 1719 2366 extravasato
1760 2309 1854 2364 non
1885 2281 2005 2365 nihil
2038 2285 2183 2390 cedat,
2233 2311 2326 2370 sese

550 2423 608 2503 ad
640 2415 916 2530 superiorem
948 2420 1119 2524 partem
1152 2434 1270 2492 suum
1302 2411 1569 2520 producere.
1585 2407 1703 2497 Vasa
1718 2406 1788 2492 his
1821 2407 2104 2522 compagibus
2145 2409 2326 2523 propria

550 2573 650 2628 nou
666 2541 851 2655 amplius
883 2538 1104 2643 humores,
1141 2533 1221 2643 qui
1255 2529 1481 2645 complent
1516 2533 1593 2622 illa
1627 2533 1679 2616 in
1712 2542 1829 2620 statu
1845 2534 2050 2642 normali,
2065 2537 2123 2620 ad
2140 2561 2185 2620 se
2201 2561 2323 2620 acce.
2454 2611 2455 2624 Ν

552 2657 660 2756 dere
693 2666 943 2782 patiuntur,
978 2662 1196 2748 claudunt
1229 2686 1275 2744 se
1309 2668 1356 2744 et
1388 2685 1528 2742 unum
1551 2685 1683 2774 super
1698 2660 1888 2744 alterum
1935 2660 2082 2774 posita
2130 2661 2328 2746 invicem
2454 2651 2455 2722 i

553 2787 821 2896 coalescunt.
857 2785 932 2876 Sic
972 2787 1155 2898 quidem
1208 2797 1299 2870 tota
1348 2786 1399 2869 in
1449 2810 1603 2869 eorum
1651 2783 1891 2900 superficie
1940 2786 2075 2873 series
2115 2790 2329 2896 conjunc·
2454 2807 2455 2866 l

555 2923 728 3007 tionum
763 2944 862 3001 curm
894 2916 1051 3028 pleura
1084 2911 1243 2998 oritur.
1277 2911 1379 2996 Non
1411 2939 1544 3026 parva
1581 2913 1841 2997 substantiae
1889 2913 2154 3028 pulmonalis
2202 2915 2331 3002 dimi·

550 3048 700 3156 nulio,
739 3071 857 3158 saepe
905 3065 1145 3125 occurrens
1194 3047 1242 3123 et
1290 3039 1487 3122 internae
1535 3039 1811 3124 adhaesiones
1860 3037 1969 3158 (duo
2017 3041 2328 3154 phaenomena,

554 3202 656 3285 quae
691 3163 943 3256 savarone
982 3166 1115 3250 etiam
1149 3178 1213 3251 sat
1237 3191 1399 3274 ,magna
1432 3163 1704 3282 observavit]
1723 3178 1928 3251 crescunt
1953 3167 2003 3251 in
2023 3171 2179 3252 eadem
2197 3170 2330 3255 ratio-

551 3325 612 3382 ne
670 3325 772 3381 cum
825 3292 1181 3379 accumulatione
1236 3290 1448 3378 humoris.
1514 3287 1771 3376 Substantia
1825 3292 2090 3404 pulmonalis
2151 3321 2330 3410 prorsus

554 3423 796 3527 evanescit,
848 3418 996 3534 tenuis
1044 3444 1163 3530 pars,
1213 3415 1443 3500 bronchiis
1490 3417 1826 3528 adhaerescens,
1875 3429 2121 3528 contracta,
2156 3424 2330 3508 canales

503 3641 510 3662 o
553 3549 676 3634 adrei
709 3544 875 3630 occlusi
909 3541 1214 3657 reperiuntur.
1262 3539 1427 3623 Pulmo
1475 3552 1624 3624 autem
1673 3543 1737 3626 sic
1785 3571 2167 3656 conveneramus,
2215 3578 2331 3634 nun·
2453 3549 2454 3584 ¹

554 3703 686 3786 quam
735 3684 886 3786 postea
934 3669 1118 3782 amplius
1161 3667 1441 3776 revolvitur,
1491 3667 1663 3752 etiamsi
1711 3671 1941 3756 humorem
1999 3688 2331 3762 extravasatum
2453 3723 2454 3744 r

556 3799 750 3886 effluere
785 3783 1084 3904 contingeret.
1120 3791 1322 3906 Spatium
1355 3819 1543 3876 vacuum
1577 3804 1742 3902 manet,
1775 3801 1901 3905 quod
1935 3807 2092 3883 natura
2109 3800 2333 3887 dilatatio·

554 3955 616 4010 ne
650 3925 805 4035 organi
853 3919 1119 4038 pulmonalis
1162 3919 1385 4032 complere
1418 3920 1549 4003 nullo
1581 3931 1711 4032 pacto
1743 3932 1903 4036 potest.
1935 3921 2063 4011 Tales
2096 3951 2121 4011 e
2155 3955 2334 4015 uacua·

554 4079 652 4138 mco
703 4054 912 4166 quodam!
944 4045 1266 4160 impedimento
1312 4045 1513 4156 sequelae
1546 4047 1918 4134 extravasationis
1950 4055 2191 4165 provenire
2218 4083 2334 4142 com·

553 4187 733 4292 pertum
766 4189 846 4263 est.
2060 4203 2065 4214 ¹

623 4335 687 4426 2⁶⁰
721 4341 953 4426 Rssracvu
993 4359 1515 4422 cusmoonronvaamsoo.
1550 4335 1654 4440 Quo
1688 4339 1816 4425 simul
1849 4343 2073 4454 sanguise
2107 4348 2333 4433 communi

555 4467 852 4556 circulatione
885 4467 1111 4575 abreptus,
1144 4465 1392 4548 naturalem
1426 4489 1552 4547 suum
1586 4466 1742 4549 caloris
1775 4473 1960 4577 gradum
1995 4473 2168 4584 perdit,
2200 4477 2333 4562 resol-
2452 4477 2453 4482 ‘

556 4595 682 4678 vitur
714 4619 904 4706 oxygen
939 4593 995 4675 ab
1029 4588 1125 4696 illo,
1159 4586 1218 4672 fit
1250 4589 1443 4674 liberum
1485 4600 1533 4676 et
1562 4605 1809 4706 separatur
1855 4623 1938 4709 per
1986 4601 2333 4712 oxydationcm.
2452 4587 2453 4660 3

558 4717 610 4808 Si
646 4730 755 4803 tunc
788 4717 905 4804 torte
938 4741 1099 4822 serum,
1133 4742 1223 4824 quo
1258 4716 1431 4826 globuli
1464 4716 1696 4826 sanguinei
1730 4722 2015 4806 resolvuntur
2033 4753 2058 4808 a
2074 4725 2185 4814 vasis
2218 4729 2334 4840 lym·
2452 4709 2453 4714 Ν

554 4845 747 4964 phaticis
780 4849 839 4932 de
870 4845 989 4929 nov'o
1022 4841 1298 4954 absorbatur,
1330 4844 1382 4929 id
1414 4847 1538 4954 quod
1568 4853 1713 4932 motus
1743 4847 1937 4962 pectoris
1968 4861 2228 4968 perpetuus,
2261 4856 2335 4943 uti

554 5107 598 5202 h)
628 5115 777 5178 lanam.
807 5107 833 5175 1.
860 5127 892 5173 c.
919 5110 960 5177 Τ.
987 5110 1013 5172 l.
1044 5104 1181 5195 (1815)
1208 5107 1347 5194 pbri.

556 5215 588 5304 i)
628 5216 808 5324 Ιὶινιιοκ.1
836 5207 860 5276 1.
888 5225 920 5274 c.
946 5227 982 5297 p.
1003 5209 1084 5274 255.
