4942 6048
622 388 638 481 i
1017 509 1024 526 ,
1349 399 1467 484 'rao

527 630 819 752 pulmonibus
850 625 1022 726 nullius
1053 633 1122 710 est
1138 624 1364 734 utilitatis,
1398 653 1537 736 quum
1580 623 1704 713 inter
1736 625 2074 774 inspirationem
2127 631 2315 720 haustus
2450 675 2451 682 ι

530 768 607 847 adr
639 759 689 843 in
723 758 896 872 pleurae
928 775 1100 838 saccum
1132 781 1216 868 per
1246 754 1506 867 pulmonum
1538 755 1701 839 vulnus
1742 754 1850 862 labi,
1883 753 2007 841 inter
2040 759 2314 871 exspiratio·

398 969 402 977 .
529 914 634 973 nem
667 911 775 969 vero
810 881 971 966 collabi
1021 878 1190 986 soleat,
1240 889 1480 1011 antequam
1514 879 1561 962 in
1596 881 1789 994 pectoris
1823 909 1930 965 cavo
1976 887 2200 1028 expansus
2232 890 2315 970 aer

530 1045 612 1130 per
643 1009 854 1096 vulnus
841 1036 891 1092 m
927 1005 1118 1092 thoracis
1155 996 1338 1119 pariete
1363 1006 1637 1120 expellatur.
1672 1005 1721 1092 Si
1767 1015 1916 1092 autem
1966 1009 2194 1152 sanguinis
2227 1035 2312 1095 ex·

534 1138 771 1226 travasatio
800 1132 1023 1250 pulmonis
1054 1159 1257 1220 vasorum
1289 1131 1517 1218 laesionem
1546 1132 1760 1244 sequitur
1774 1197 1789 1241 ‚
1838 1134 1911 1218 vel
1954 1134 2137 1220 minima
2187 1163 2312 1247 quae·

532 1271 599 1354 vis
633 1269 727 1374 ejus
760 1261 958 1348 intensio
992 1259 1240 1368 diligenter
1270 1263 1565 1372 praecavenda
1598 1270 1679 1364 est,
1712 1285 1773 1344 ne
1807 1260 2023 1345 sublata
2010 1289 2096 1368 pam
2113 1263 2314 1348 haemor-

530 1392 685 1504 rhagia
717 1415 771 1475 eo
802 1396 1064 1493 renovatum
1098 1386 1187 1495 qui
1203 1410 1268 1469 ex
1283 1411 1334 1469 re
1354 1396 1463 1468 tunc
1483 1385 1689 1498 temporis
1705 1390 1762 1469 ad
1777 1387 2145 1474 exhauriendum
2161 1393 2315 1474 ae'rem

403 1611 405 1618 ,
530 1523 709 1609 laudata
741 1516 977 1604 methodus
1007 1512 1152 1596 noxia
1185 1537 1275 1598 esse
1308 1511 1632 1626 potest-Quo
1680 1513 1843 1596 vulnus
1892 1514 2010 1616 bene
2058 1514 2314 1622 claudatur,

529 1648 649 1734 labia
682 1644 778 1752 ejus
811 1637 1067 1726 immediate
1100 1638 1337 1752 emplastro
1371 1637 1626 1749 glutinante
1660 1638 2022 1748 stringuntur&
2071 1642 2311 1754 emplastro

535 1774 778 1858 ienestrato
811 1769 1121 1872 obducuntur,
1169 1765 1506 1878 superimposito
1555 1764 1700 1848 linteo
1753 1765 2011 1892 composito,⁸
2060 1777 2197 1877 atque
2247 1767 2313 1852 sic

531 1905 709 1986 demum
743 1893 958 2002 deligatio
992 1891 1073 1976 ista
1107 1891 1312 1976 mantillo
1330 1919 1429 1974 cum
1446 1891 1662 2006 scapulari
1681 1891 1888 1974 i1rmatur
1889 1875 2182 1978 -Pulmone
2207 1919 2311 1975 cum

530 2029 687 2142 pleura
721 2029 936 2108 concreto
971 2030 1021 2103 et
1053 2018 1175 2102 omni
1217 2027 1382 2104 conatu
1427 2017 1698 2102 amotionem
1748 2017 1974 2126 sanguinis
2022 2019 2311 2131 producendi

532 2155 596 2239 ita
622 2153 858 2270 t'rustrato3
891 2151 1084 2258 oportet,
1119 2169 1144 2230 e
1178 2143 1412 2229 duabus
1397 2171 1450 2228 ιιι
1496 2171 1589 2228 uno
1635 2142 1833 2260 pectoris
1872 2143 2023 2236 ,latere
2070 2143 2308 2261 aperturis,

533 2278 679 2364 minus
711 2271 999 2360 necessariam
1033 2270 1179 2356 statim
1213 2272 1468 2356 occludere.

1333 2437 1363 2549 g
1409 2441 1510 2524 nd.

553 2613 820 2723 Respecto
854 2629 979 2711 smus,
999 2603 1052 2685 in
1084 2617 1218 2710 quem
1250 2611 1480 2711 aegrotum
1512 2612 1610 2716 post
1643 2601 1950 2716 operationem
1983 2613 2208 2718 peractam
2244 2629 2313 2688 re·

533 2762 701 2856 ponere
735 2735 882 2819 solent
915 2728 1046 2814 etin
1079 2727 1337 2813 universum
1374 2729 1512 2814 totius
1545 2740 1784 2836 externae,
1802 2740 1938 2840 atque
1973 2730 2182 2817 internae
2222 2755 2313 2816 me-

534 2857 911 2964 claudicationis,
944 2854 1108 2942 diaetae
1128 2864 1175 2937 et
1208 2853 1454 2963 regiminis,
1487 2857 1766 2942 observamus
1800 2857 1874 2938 hic
1897 2857 2185 2966 solummodo,
2208 2856 2314 2940 arti·

532 2992 728 3076 iicialem
762 2981 1015 3094 hujusmodi
1048 2991 1298 3095 aperturam
1333 2987 1505 3090 easdem
1538 2979 1704 3068 subire
1723 2982 1910 3092 regulas,
1944 3011 2065 3128 quas,
2108 2989 2165 3068 de
2202 2993 2312 3068 trac·

535 3119 706 3204 tatione
740 3109 943 3197 fortuite
977 3117 1202 3222 aperturae
1235 3109 1515 3221 penetrantis
1547 3107 1742 3223 pectoris
1773 3109 2018 3194 vulneris
2004 3137 2054 3192 ιιι
2085 3120 2316 3253 posterum

532 3243 694 3349 acturi,
742 3266 822 3326 suo
867 3236 969 3319 loco
1019 3231 1088 3354 (in
1121 3233 1342 3348 capitibus
1391 3239 1449 3320 de
1483 3234 1781 3346 deligatione,
1815 3235 1964 3322 diaeta
2012 3244 2060 3322 et
2091 3236 2316 3350 regimine

532 3373 693 3455 horum
724 3361 1010 3448 vulnerum
996 3387 1046 3443 ιιι
1078 3358 1265 3480 genere)
1303 3360 1614 3449 indicabimus.

1342 3527 1510 3640 5119·

602 3697 703 3786 Si
690 3725 739 3782 m
772 3697 966 3803 utraque
1006 3692 1201 3806 pectoris
1234 3689 1428 3775 cavitate
1462 3691 1690 3800 sanguinis
1722 3651 2025 3780 extravasatio
2058 3695 2206 3778 locum
2241 3693 2316 3778 ha·

536 3828 637 3912 buit
670 3834 717 3909 et
747 3819 1042 3936 paracentesis
1074 3819 1292 3927 utrinque
1325 3817 1568 3902 necessaria
1602 3845 1693 3903 esse
1742 3804 1957 3930 videturj
1973 3823 2045 3906 vel
2078 3819 2130 3928 si,
2166 3831 2319 3934 pecto·
2452 3867 2453 3876 ι

533 3981 584 4038 re
618 3955 690 4036 ad
707 3975 845 4032 unum
878 3948 993 4030 latus
1026 3971 1107 4057 per
1140 3943 1555 4028 i'ortuitumvulnus
1589 3955 1758 4058 aperto,
1791 3947 1849 4028 ad
1879 3947 2068 4031 alterum
2102 3947 2219 4034 latus
2251 3974 2316 4030 ar·

538 4077 715 4165 tiliciali
749 4075 881 4182 hujus
914 4070 1117 4156 cavitatis
1148 4075 1355 4182 apertura
1389 4095 1498 4182 opus
1531 4079 1613 4174 est,
1646 4097 1726 4183 pro
1761 4073 1914 4180 regula
1936 4074 2072 4179 vaiet,
2095 4097 2315 4182 nunquam

536 4217 778 4314 utrumque
812 4197 1008 4316 pectoris
1041 4207 1194 4278 cavum
1230 4200 1387 4280 eodem
1423 4206 1626 4308 tempore.
1653 4195 1844 4310 aperire,
1879 4198 2047 4312 quippe
2081 4205 2208 4310 quod
2231 4229 2316 4284 ma·

535 4331 663 4414 ximo
715 4353 816 4412 cum
862 4323 1065 4439 periculo
1099 4323 1389 4428 conjunctum
1423 4330 1501 4404 est.
1539 4318 1679 4434 Supra
1712 4323 1797 4430 jam
1834 4345 1871 4432 (ς
1905 4347 1980 4434 15.)
2016 4325 2225 4432 vidimus,
2258 4329 2315 4410 ab

500 4461 639 4543 aere
674 4453 957 4540 extrinsecus
990 4475 1071 4562 per
1104 4447 1265 4531 vulnus
1298 4447 1349 4528 in
1381 4445 1576 4560 pectoris
1613 4473 1770 4530 cavum
1804 4459 2095 4562 penetrante,
2128 4463 2316 4565 propter

537 4585 794 4698 pulmonum
828 4576 1158 4691 impressionem
1191 4573 1416 4681 aggravari
1449 4573 1771 4684 expansionem
1806 4599 1975 4684 eorum,
2010 4605 2113 4686 quae
2138 4582 2193 4662 ab
2210 4583 2315 4663 aere

536 4711 661 4795 iuter
692 4704 1031 4848 inspirationem
1069 4725 1152 4814 per
1183 4699 1396 4782 arteriam
1422 4723 1616 4810 asperam
1650 4699 1846 4810 ingresso
1879 4707 2064 4815 pendet
2099 4703 2317 4790 Paracen-

539 4836 640 4922 tesis
688 4843 885 4920 externo
934 4825 1028 4910 ae'ri
1076 4824 1248 4908 aditum
1297 4821 1348 4906 in
1380 4823 1573 4936 pectoris
1606 4853 1759 4910 cavum
1794 4831 2061 4941 suppeditat.
2112 4829 2316 4946 Irruptio

537 4963 678 5076 igitur
710 4957 822 5060 ae'ris
862 4979 944 5070 per
976 4951 1161 5034 vulnera
1195 4953 1252 5032 ad
1284 4959 1526 5092 utrumque
1558 4951 1753 5064 pectoris
1768 4953 1914 5037 latus
1901 4982 2189 5068 impressione
2206 4959 2319 5042 utra

538 5112 678 5197 usque
710 5079 932 5200 pulmonis
963 5076 1210 5159 naturalem
1244 5073 1565 5188 expansionem
1597 5059 1816 5190 impedire
1855 5083 2015 5167 debet
2027 5093 2074 5166 ct
2123 5083 2157 5168 si
2208 5085 2318 5168 huic
2452 5083 2453 5136 ³

538 5213 653 5297 malo
686 5213 808 5296 haud
839 5201 1117 5326 conveniens
1148 5211 1489 5320 opportunaque
1521 5205 1695 5290 medela
1710 5203 1954 5322 adseratur,
1974 5211 2231 5296 necessario
2248 5237 2318 5298 ae·
