4960 6054
1030 421 1088 508 25

170 672 207 738 ιι
240 668 370 754 truce),
415 648 777 769 primoquidem
825 647 930 734 loco
964 646 1032 737 in¹
1064 647 1319 756 hujusmodi
1341 750 1344 756 Ι
1369 648 1674 736 occasionibus
1721 649 1945 765 plumbea,

165 782 333 865 deinde
368 776 601 863 flexibilia
635 776 830 888 specilla,
848 775 940 860 sive
975 799 1119 860 cereae
1138 776 1337 860 candelae
1354 779 1576 888 proposita
1594 777 1793 864 fuerunt.
1818 776 1945 866 Atta·

38 924 42 937 ‘
164 935 268 992 men
303 930 458 1018 neque⁸
486 904 549 990 sic
583 908 791 987 damnum
840 899 1002 986 evitari
1042 911 1204 1016 potest,
1237 909 1288 984 ut
1321 903 1469 986 sensus
1502 931 1594 986 non
1628 906 1839 989 facillime
1872 911 1945 990 de·
2030 985 2037 995 .

51 1073 56 1082 ·
166 1034 408 1144 cipiantur,
442 1029 772 1143 quumpartim
805 1027 856 1112 in
888 1054 943 1112 eo
977 1029 1237 1135 haereamuS,
1270 1055 1422 1112 annon
1456 1057 1613 1141 corpus
1646 1031 1843 1116 alienum
1869 1023 1870 1026 Ὺ
1893 1031 1944 1116 in

162 1163 353 1244 vulnere
404 1158 554 1264 lateat,
587 1182 645 1238 an
696 1163 813 1240 costa
862 1181 957 1238 non
991 1155 1093 1238 laesa
1144 1155 1216 1261 sit,
1265 1156 1425 1266 partim
1474 1157 1558 1240 alia
1594 1159 1784 1264 quaestio
1835 1158 1945 1264 ejus·

163 1289 265 1368 dem
297 1293 472 1366 naturae
510 1281 714 1366 incidere
746 1267 896 1394 possit.
933 1279 1031 1382 Qua
1058 1281 1242 1389 quidem
1260 1282 1310 1364 in
1325 1281 1642 1390 disquisitione
1668 1280 1837 1403 [quoad
1853 1310 1944 1395 spe·

164 1405 353 1526 iillum),
371 1435 439 1492 res
471 1408 678 1520 primaria
712 1418 793 1514 est,
826 1409 876 1492 id
909 1408 996 1492 sibi
1027 1416 1133 1492 ante
1166 1407 1315 1490 omnia
1348 1408 1577 1516 cognitum
1595 1408 1759 1518 facere,
1792 1434 1944 1504 esraa

113 1535 125 1616 1
162 1559 323 1621 causus
357 1562 519 1642 ranno,
552 1559 649 1618 slva
676 1559 824 1618 aurun
843 1561 1077 1638 quondan
1109 1558 1342 1641 occanum,
1382 1561 1466 1617 uae
1498 1535 1584 1630 aa?
1616 1535 1731 1644 sive,
1765 1546 1817 1618 ut
1851 1562 1944 1621 rem

161 1658 392 1746 Cooeuanl
443 1661 678 1775 exprimit,
712 1685 821 1774 opus
853 1686 913 1743 ne
946 1665 1003 1744 ad
1036 1660 1235 1768 sequelae
1268 1667 1602 1772 praevert'endas
1635 1689 1791 1746 venam
1832 1687 1946 1745 seca·
2026 1656 2031 1664 ‘
2161 1696 2165 1705 ¹

163 1815 213 1874 re
248 1798 312 1880 et,
328 1788 378 1870 in
411 1813 576 1896 genere
612 1786 809 1871 remedia
841 1785 1203 1896 antiphlogistica
1237 1785 1287 1868 in
1320 1787 1544 1869 auxilium
1562 1814 1733 1884 vocare.
1761 1785 1945 1871 Pericu-

161 1913 255 1996 lum
288 1915 409 1998 enim
442 1913 493 1996 in
525 1911 1014 2026 vulneribus-pectoris
1064 1939 1089 1994 e
1141 1912 1336 1996 laesionis
1372 1913 1561 1996 thoracis
1594 1913 1750 2022 organi
1799 1912 1943 1995 notio-

165 2066 242 2146 ne,
277 2067 371 2122 non
404 2067 429 2122 e
462 2039 783 2152 penetratione·
811 2035 1052 2146 dijudicari
1069 2041 1220 2122 debet.
1256 2037 1392 2139 Quod
1425 2039 1461 2122 si
1480 2037 1662 2145 quidem
1680 2040 1945 2122 instrumen-

165 2173 259 2248 tum
292 2171 348 2250 ad
381 2165 714 2274 indagationem
747 2153 943 2248 serviens
974 2172 1121 2276 potest
1154 2191 1235 2249 nos
1269 2165 1319 2247 in
1351 2175 1510 2247 natura
1543 2164 1743 2277 vulneris
1767 2189 1946 2273 cognos-

164 2295 306 2376 cenda
339 2291 566 2404 decipere,
599 2291 744 2376 minus
780 2300 925 2374 tamen
959 2293 1015 2373 ad
1031 2292 1310 2402 probandum
1327 2292 1462 2398 valet,
1494 2289 1725 2376 laesionem
1759 2289 1944 2374 interio-

162 2443 256 2501 rem
288 2443 394 2502 vere
427 2422 592 2524 adesse,
627 2445 707 2501 cur
740 2417 826 2500 hoc
859 2416 1157 2501 instrumento
1190 2419 1248 2498 ad
1285 2417 1514 2501 laesionem
1563 2417 1719 2525 organi
1760 2415 1945 2501 interio-

164 2545 224 2628 ris
258 2543 648 2628 determinandum
682 2571 790 2656 opus
823 2541 933 2644 erit?
964 2539 1102 2650 Magis
1135 2569 1258 2648 vero,
1292 2541 1343 2624 in
1376 2570 1466 2653 quo
1499 2569 1623 2624 nunc
1657 2569 1807 2629 omnes
1847 2537 1944 2626 fere

164 2670 329 2754 medici
362 2669 485 2752 inter
518 2695 562 2754 se
597 2669 903 2775 consentiunt,
938 2669 1153 2776 cujusque
1187 2667 1377 2752 interest
1409 2667 1495 2770 sibi
1527 2667 1642 2750 vitio
1668 2667 1944 2750 committen-

164 2798 223 2879 do
272 2795 357 2880 hic.
398 2821 555 2880 cavere
596 2795 826 2905 conducit,
877 2822 1008 2903 quam
1056 2794 1164 2878 inde
1198 2793 1442 2878 utilitatem
1492 2803 1769 2907 exspectare.
1820 2817 1946 2902 (Karr-

162 2961 320 3008 scumnsn.
353 2943 567 3032 Progromma
592 2944 628 3007 de
642 2963 788 3030 perverso
814 2949 849 3008 la
879 2943 1112 3028 davenigocdis
1137 2941 1319 3032 vulneribus
1340 2939 1626 3026 specilloramosu.
1659 2929 1944 3024 3ma01752)⁰).

162 3043 352 3149 scilicet,
386 3040 493 3150 quia
525 3067 642 3152 saepe
676 3043 762 3123 hoo
794 3043 925 3122 modo
960 3065 985 3122 e
1017 3040 1206 3121 vulnere
1247 3061 1432 3122 summes
1464 3039 1598 3147 magis
1632 3039 1944 3151 complicatum

164 3163 262 3252 fir>
313 3177 359 3252 et
391 3167 682 3278 symptomata
715 3165 847 3278 paulo
881 3173 979 3276 post
1028 3163 1288 3277 apparentia
1339 3189 1431 3246 rem
1465 3189 1640 3247 omnem
1682 3163 1802 3248 illam
1857 3194 1947 3253 cer·

166 3295 325 3377 tiorem
360 3291 584 3376 esl'iciunt.
618 3290 823 3403 Insuper,
858 3294 981 3398 quod
1001 3289 1174 3374 clarius
1207 3289 1256 3370 in
1290 3298 1512 3400 posterum
1555 3289 1822 3398 videbimus,
1870 3322 1944 3407 po·

167 3427 251 3506 test
284 3445 607 3526 nonnunquam
641 3415 872 3530 specillum
903 3416 955 3498 in
988 3415 1261 3527 profundum
1298 3415 1489 3498 thoracis
1532 3415 1707 3524 aliquot
1756 3417 1943 3530 digitos,
2014 3470 2021 3484 ι

165 3543 362 3658 quamvis
394 3546 624 3658 pulmones
657 3569 750 3625 non
783 3541 1022 3650 attingens,
1046 3533 1242 3644 inferri.

232 3669 330 3758 Stat
363 3671 504 3780 igilur
536 3696 617 3782 pro
650 3695 804 3751 norma
838 3665 1037 3776 generali
1088 3673 1416 3774 seumnnonum,
1466 3691 1679 3774 dunarum
1712 3693 1842 3752 staur
1875 3700 1943 3755 eo·
1983 3751 1990 3762 ,

164 3825 285 3906 ausa,
318 3825 433 3883 usum
466 3821 676 3879 armana.
709 3795 891 3900 Tamen,
926 3793 961 3878 si
996 3793 1095 3900 quis
1128 3795 1273 3875 adhuc
1306 3797 1496 3878 vulnera
1533 3821 1656 3878 secus
1673 3800 1943 3906 perscrutari

164 3926 297 4031 nolit,
332 3925 381 4007 id
415 3928 536 4034 quod
571 3932 693 4006 certe
727 3925 783 4003 ad
818 3945 974 4032 corpus
1007 3917 1219 4026 alienum,
1253 3923 1309 4000 ad
1327 3919 1574 4031 fragmenta
1591 3947 1726 4027 ossea,
1760 3923 1834 4006 vel
1850 3951 1943 4037 par·

167 4062 231 4136 tes
265 4051 465 4154 vestitus,
483 4049 567 4132 vel.
586 4051 642 4130 ad
676 4045 892 4156 ejusmodi
925 4043 1101 4154 aliquid
1134 4043 1492 4154 investigandum
1525 4047 1818 4158 necessarium
1851 4077 1942 4136 esse

166 4299 214 4386 n),
233 4300 265 4361 J.
294 4299 442 4364 Cooaaa.
470 4313 499 4358 1..
528 4311 558 4356 c.
586 4293 687 4356 Tom.
715 4295 776 4355 lll.
803 4311 837 4377 p.
867 4291 951 4366 545.

165 4401 205 4488 o)
233 4403 336 4466 Warz
362 4392 604 4478 vollsttlndige
629 4395 797 4477 Auszitge
823 4409 885 4458 aus
911 4389 982 4455 den
1007 4388 1130 4456 besten
1157 4386 1308 4475 chirurg.
1331 4389 1503 4477 Displlten
1529 4387 1619 4456 aller
1645 4388 1869 4458 Academico.
1900 4396 1939 4460 8⁰

241 4501 333 4588 Lips.
364 4507 400 4564 et
427 4494 599 4568 Budiss'n.
634 4498 736 4579 ¹775·
765 4492 854 4559 Edit
887 4513 917 4558 a.
945 4497 1045 4557 Tom.
1074 4495 1131 4558 lV.
1160 4513 1195 4578 p.
1226 4494 1440 4576 649-650.

166 4603 203 4692 ¹⁸¹)
231 4601 307 4668 llac'
330 4599 437 4685 longa
463 4597 685 4687 experientia
709 4595 840 4679 edocti,
871 4597 908 4659 in
932 4594 1088 4682 pectoris
1114 4592 1320 4658 vulneribus
1347 4591 1545 4659 inevitabili
1559 4591 1678 4684 ¹modo
1713 4615 1853 4686 semper
1879 4617 1941 4664 no·

242 4703 340 4768 ariam
366 4701 521 4790 aliquam
548 4701 593 4767 ab
620 4699 844 4785 indagatione
870 4715 935 4786 per
963 4694 1152 4785 specillum
1178 4692 1264 4760 oriri
1290 4705 1325 4759 et
1351 4697 1616 4762 instrumentum
1648 4695 1819 4784 indagans
1836 4697 1940 4766 facil-

245 4803 330 4870 lime
356 4804 425 4871 sibi
451 4803 588 4892 spurias
614 4803 691 4870 vias
717 4801 868 4889 aperire,
897 4799 966 4887 ipsi
991 4798 1178 4866 medicinae
1206 4795 1358 4864 forensis
1385 4807 1525 4888 veteres
1551 4798 1708 4884 magistri
1741 4801 1940 4887 indagatio-

243 4926 325 4972 nem
351 4927 415 4994 per
443 4905 591 4993 specilla
618 4906 653 4970 in
679 4903 884 4972 vulneribus
910 4903 1065 4988 pectoris
1091 4899 1197 4990 plane
1224 4899 1270 4966 ad
1295 4897 1465 4985 judicium
1479 4899 1623 4967 forense
1643 4898 1812 4988 rejecere.
1832 4905 1938 4994 (Sam.

243 5011 340 5099 stays
367 5013 403 5074 dr
423 5017 497 5092 jore
523 5032 665 5075 sensuum
692 5017 759 5073 etc.
788 5003 952 5074 Frankof.
988 5007 1091 5088 1671.
1119 5009 1218 5068 Tom.
1248 5007 1272 5071 l.
1300 5022 1336 5090 p.
1366 5007 1414 5089 57
1441 5013 1477 5070 et
1513 5007 1609 5070 Bona
1633 5009 1670 5070 de
1701 5029 1825 5073 renunc.
1852 5007 1937 5074 suin.

246 5131 282 5201 p.
317 5109 389 5196 rr).
416 5106 589 5176 Albrecht
612 5113 764 5176 Mecum.
791 5103 977 5175 Lehrbuch
1002 5105 1066 5173 der
1093 5099 1524 5193 gerichtlichenltlediain.
1542 5113 1592 5176 8⁰.
1608 5101 1733 5172 Hallre.
1765 5109 1874 5172 «θαι.
1901 5127 1936 5194 p.

247 5211 377 5300 ,aas
409 5231 506 5281 201.

270 5337 274 5343 .
1793 5311 1824 5414 4
1917 5367 1927 5382 ι

1799 5595 1819 5628 p
