4942 6048
1027 451 1087 540 55

165 671 274 786 tum',
309 655 436 764 inter
465 673 573 762 drus
605 685 759 787 costas,
791 673 867 768 vel
903 677 985 764 sub
1004 673 1310 768 communibus
1344 679 1666 795 integumentis
1698 667 1941 803 repositum

164 806 239 914 sit,
272 806 504 918 specillum
554 805 734 891 vulneri
766 834 861 891 non
895 819 961 893 est
994 808 1343 917 immittendum,
1392 817 1470 896 sed
1501 815 1665 925 potius,
1715 817 1751 898 si
1784 825 1945 928 corpus

164 933 465 1039 extrinsecus,
499 932 574 1016 vel
606 934 655 1016 in
676 943 902 1046 posterum
917 937 1136 1021 abscessus
1152 941 1284 1032 modo
1301 946 1523 1050 appareat,
1541 940 1663 1024 locus
1681 941 1760 1028 ille
1777 966 1859 1056 per
1875 941 1942 1026 in·
1973 999 1984 1006 -

164 1060 382 1152 cisionem
400 1069 557 1171 sponte
574 1058 929 1172 patefaciendus,
947 1062 1043 1147 sive
1060 1064 1147 1144 hoc
1179 1063 1278 1176 plus
1310 1065 1511 1149 minusve
1546 1070 1603 1148 ad
1620 1064 1759 1152 finem
1783 1093 1944 1177 usque,
2101 1145 2118 1166 ,

164 1186 258 1270 sive
293 1191 349 1270 ad
381 1180 577 1269 medium
613 1188 775 1272 canalis
824 1185 919 1274 fiat.
967 1186 1185 1280 Attamen
1216 1213 1389 1302 semper
1420 1191 1715 1278 incisionibus
1748 1194 1861 1306 aptis
1895 1203 1942 1278 et

165 1338 399 1422 quousque
431 1308 536 1395 lieri
570 1323 717 1426 potest
735 1313 991 1422 utendum,'
1004 1319 1135 1398 modo
1168 1339 1229 1399 ne
1262 1315 1362 1424 quis
1395 1320 1452 1400 ad
1485 1317 1726 1427 marginem
1762 1316 1945 1403 inferio·

162 1467 258 1523 rem
291 1436 530 1551 superioris
579 1450 713 1523 costae
746 1445 982 1549 accedens,
1014 1441 1152 1525 laedat
1201 1443 1409 1526 arteriam
1450 1443 1798 1554 intercostalem,
1835 1456 1944 1528 tunc

165 1591 324 1680 corpus
356 1563 569 1673 alienuln,
604 1565 697 1672 sive
731 1566 891 1676 digito,
925 1566 1208 1682 sivelorcipe
1226 1572 1574 1654 extrahendum.
1607 1555 1692 1654 His
1710 1571 1944 1682 neglectis,

164 1704 219 1777 ut
250 1685 455 1776 emmor)
478 1694 694 1806 exemplo
728 1703 932 1802 testatum,
961 1720 1078 1812 ⁸mors
1111 1693 1170 1779 lit
1203 1695 1447 1816 aliquando
1480 1695 1772 1783 inevitabilia.

997 1861 1024 1973 i
1056 1861 1131 1966 54.

227 2021 459 2110 Praeterea
491 2047 677 2136 corpora
728 2023 874 2110 aliena
907 2023 960 2108 in
1007 2025 1294 2138 pulmonibus
1341 2024 1619 2140 subsistunt,
1669 2028 1944 2138 quandoque

165 2149 275 2257 cito,
310 2154 492 2260 quando
528 2152 653 2235 tarde
686 2152 743 2234 ad
775 2145 984 2235 intimum
1015 2163 1173 2264 pectus
1202 2153 1479 2265 pervenirm't
1512 2164 1560 2238 et
1591 2164 1745 2266 postea
1777 2155 1828 2237 in
1853 2154 1945 2236 dia·

163 2279 370 2394 phragma
378 2287 436 2385 te,
458 2286 536 2361 aut
568 2284 650 2389 per
682 2276 773 2360 vim
805 2287 981 2360 naturae
1015 2277 1314 2363 medicatricis
1339 2280 1674 2366 membranaceo
1708 2280 1944 2364 involucro

164 2405 481 2508 includuntur,
498 2410 578 2486 aut
609 2400 825 2487 efficiunt
856 2403 1113 2490 lethiferam
1130 2405 1849 2520 exsdcerationem.'Empyemate
1872 2427 1946 2488 ve·
2020 2477 2025 2486 .

162 2559 216 2616 ro
248 2534 306 2615 ad
338 2531 460 2614 hunc
494 2531 674 2612 modum
697 2539 878 2635 exorto,
911 2542 1097 2643 possunt
1127 2557 1270 2614 causae
1304 2531 1414 2638 ejus,
1447 2531 1566 2616 forte
1605 2534 1812 2617 accidere
1845 2528 1945 2616 soli·

168 2669 243 2767 tae,
275 2655 528 2742 submoveri
559 2679 642 2769 per
672 2657 1014 2767 paracenthesin
1048 2667 1095 2742 et
1127 2657 1260 2742 situm
1301 2657 1661 2744 convenientem.
1688 2655 1945 2746 Successor·

163 2785 255 2871 πθ)
274 2785 361 2892 jam
393 2782 566 2868 decima
599 2791 758 2890 quarta
789 2783 1083 2891 hebdomade,
1116 2785 1221 2896 post'
1233 2783 1395 2867 vulnus
1416 2795 1661 2898 acceptum,
1678 2794 1849 2898 partem
1866 2781 1968 2868 ali·-

166 2939 299 3023 quam
333 2908 546 2998 interulae
578 2933 661 3021 per
694 2909 984 3023 empyematis
1017 2920 1268 3023 aperturam
1302 2935 1329 2993 e
1360 2920 1546 3022 pectore
1581 2908 1807 2995 vulnerati
1841 2907 1945 2994 exi·

164 3037 265 3145 isse,
298 3045 348 3120 et
366 3027 632 3124 ammom)
670 3035 875 3141 glandem
907 3035 1099 3148 pistolae,
1132 3039 1325 3144 qum-ad
1344 3035 1630 3159 'superiorem
1663 3033 1822 3122 dextri
1871 3059 1946 3148 pe·

167 3163 304 3262 ctoris
335 3171 507 3275 partem
540 3158 785 3265 lateralem,
819 3167 876 3246 ad
907 3187 955 3245 os
988 3169 1187 3246 sternum
1218 3185 1461 3273 progressa,
1493 3163 1619 3275 prius
1651 3188 1746 3248 non
1787 3161 1943 3244 inven-

168 3301 211 3374 ta
244 3285 408 3394 luerat,
440 3287 613 3371 decima
648 3285 781 3370 tertia
815 3290 995 3372 tandem
1027 3287 1104 3372 die
1153 3313 1229 3372 sua
1277 3295 1435 3400 sponte
1476 3287 1671 3402 erupisse
1687 3279 1729 3398 ,¹
1751 3287 1948 3372 animad-

829 3397 836 3404 ι

165 3399 418 3505 verterunt.

983 3579 1011 3694 s
1052 3579 1128 3676 55..

229 3745 433 3834 Obvenit
466 3742 542 3829 hic
576 3768 759 3856 quoque
792 3769 933 3854 casus,
963 3755 1016 3828 ut
1050 3769 1213 3858 corpus
1230 3735 1458 3862 alienum,
1491 3743 1543 3829 in
1573 3741 1771 3859 pectoris
1800 3764 1944 3851 usque

167 3875 402 3960 cavitatem
450 3874 700 3986 perlatum,
752 3871 950 3982 quamvis
993 3872 1087 3978 ejus
1119 3869 1357 3984 prtesentia
1390 3897 1538 3958 secum
1581 3871 1737 3956 trahat·
1758 3869 1945 3953 lethalia

167 4009 474 4114 symptomata,
507 3987 633 4080 nulla
681 4023 766 4111 ope
816 3997 1102 4082 extrinsecus
1148 3995 1292 4081 eximi
1341 3999 1490 4111 possit.
1526 3997 1665 4100 Quod
1696 4021 1775 4080 ex.
1810 4021 1850 4104 g.
1884 3995 1947 4078 lo·
1997 4026 2002 4034 ·

168 4155 270 4212 cum
304 4128 471 4230 habet,
506 4123 542 4210 si
572 4121 807 4236 praefracta
841 4123 983 4240 cuspis
1020 4123 1117 4230 teli,
1149 4147 1231 4236 per
1263 4135 1425 4209 costam
1440 4187 1456 4234 ,
1487 4125 1563 4208 vel
1596 4149 1644 4208 os
1675 4134 1874 4207 eternum
1893 4121 1946 4205 in

170 4255 395 4339 thoracem
430 4251 577 4360 illata,
610 4250 683 4334 vel
719 4261 861 4334 totum
898 4252 1034 4336 telum
1069 4249 1321 4358 immissum,
1353 4253 1412 4334 ad
1442 4249 1675 4336 minimum
1708 4248 1759 4330 in
1792 4256 1947 4332 exter·

166 4408 225 4465 na
259 4376 501 4493 superficie
532 4375 850 4490 prominentia,
887 4385 972 4460 tam
992 4361 1124 4461 firme
1156 4373 1309 4459 infixa
1342 4375 1448 4486 sint,
1481 4387 1534 4460 ut
1565 4376 1694 4459 nullo
1716 4368 1849 4458 mo'do
1866 4401 1950 4458 ex·

171 4509 390 4592 trinsecus
418 4503 589 4621 possint
622 4525 648 4586 e
678 4511 863 4616 pectore
894 4500 1102 4617 proferri.
1132 4500 1400 4610 Huiusmodi
1435 4503 1719 4589 unlneratum
1738 4503 1953 4592 'Ganan·,

167 4627 261 4720 noll
288 4642 477 4717 tractare
511 4628 728 4738 contigit,
763 4628 843 4738 qui
878 4631 1061 4739 quidem
1108 4627 1374 4746 perfractam
1423 4627 1559 4714 cultri
1603 4627 1861 4742 cuspidem,
1895 4625 1946 4710 in

167 4837 210 4936 n)
236 4833 384 4909 Godel'r.
413 4839 555 4902 anoo.
588 4835 886 4902 Exercitationem
914 4827 1404 4920 anatomico-cbirurgicarum
1430 4829 1593 4900 decades
1617 4829 1713 4900 duae.
1751 4845 1806 4910 4⁰.
1832 4827 1943 4917 bugd.

232 4945 351 5006 Batav.
385 4943 489 5023 1708.
519 4941 603 5004 Dec.
631 4941 658 5003 1.
684 4939 837 5005 Exercit.
865 4945 924 5015 4⁸.
942 4957 977 5026 p.
994 4939 1078 5022 57¹·

168 5043 210 5132 o)
238 5038 471 5108 Saocsuom¹
492 5038 672 5125 stetenges
698 5036 744 5106 de
770 5037 964 5125 chirurgie.
992 5059 1022 5104 ι..
1050 5055 1081 5105 c.
1108 5042 1201 5106 Pars.
1229 5036 1437 5126 11.p.·57r.

168 5148 211 5236 p)
241 5151 413 5212 saviros.
443 5162 471 5209 ι.
500 5161 530 5206 c.
544 5162 579 5230 p.
600 5145 680 5228 259.
709 5141 785 5208 obs.
815 5146 871 5210 50.

168 5249 210 5339 q)
239 5251 415 5317 smirna.
441 5263 473 5314 ι.
501 5265 532 5316 c.
545 5263 581 5336 p.
599 5246 680 5314 sto.
708 5243 805 5346 (vid.
831 5247 886 5318 bs
909 5264 953 5318 n
977 5245 1071 5318 san
1096 5253 1197 5316 notas
1222 5241 1269 5315 ad
1293 5241 1412 5320 licite
1425 5231 1934 5332 desoperationsdebionie)
