4942 6048
1398 439 1495 542 72Ι

522 650 702 738 medens
738 645 916 730 tardem
948 639 1193 753 aliquando
1224 643 1426 728 vulneris
1459 641 1638 728 arteriae
1670 639 1896 728 orificium
1930 641 2203 761 comprimat.
2237 641 2316 730 In-

536 780 594 862 de
627 773 739 861 oriri
772 771 850 855 ille
884 773 1103 856 observat:
1135 795 1316 880 magnus
1348 767 1532 880 quidem
1566 797 1720 880 angor,
1753 797 1847 854 non
1879 783 2042 888 autem·
2058 797 2185 856 mors.
2209 769 2316 856 Hoc

536 909 881 1010 extravasatum,
913 899 1283 1007 quemadmodum
1315 896 1396 980 ille
1429 896 1686 1002 contendit,
1717 898 1793 982 vel
1824 897 2077 986 absorbitur
2124 895 2313 1006 deinde,
2455 993 2456 996 p

536 1029 610 1112 vel
640 1023 930 1140 empyematis
963 1021 1225 1136 operatione
1259 1021 1496 1108 emittitur.
1537 1017 1767 1107 Praeterea
1824 1049 1932 1108 tero
1948 1087 1964 1130 ,
2014 1025 2138 1132 quod
2190 1033 2327 1148 tanta·

434 1171 439 1178 “
528 1151 763 1264 'sangdinis
796 1148 938 1264 copia,
973 1176 1060 1258 qua
1092 1177 1174 1265 pro
1205 1159 1391 1233 cruenta
1418 1149 1581 1232 arteria
1597 1149 1928 1261 comprimenda
1961 1176 2069 1270 opu-s
2102 1159 2183 1258 est,
2214 1176 2315 1232 non

537 1278 671 1363 fatente
714 1275 960 1364 resorbitur
974 1335 990 1380 ,
1039 1275 1112 1357 vel
1164 1274 1297 1358 etiam
1345 1275 1442 1360 sine
1491 1301 1650 1384 magno
1698 1277 1972 1360 detrimento
2020 1303 2115 1390 npn
2164 1285 2315 1389 potest

536 1415 705 1517 aegroto
739 1401 941 1488 subtrahi
975 1409 1021 1484 et
1054 1400 1105 1482 in
1146 1399 1341 1516 pectoris
1371 1400 1626 1504 cavitatem
1659 1397 1870 1508 effundi,
1908 1404 1994 1511 jam
2044 1427 2109 1486 ex
2143 1399 2198 1487 iis
2248 1427 2316 1488 ra·

498 1525 501 1534 ’
539 1531 763 1633 tionibus,¹
785 1553 892 1652 quas
926 1553 1054 1638 supra
1088 1547 1124 1633 (ς
1153 1547 1216 1634 aa)
1236 1530 1294 1610 de
1342 1527 1478 1611 unica
1525 1526 1724 1642 possibili
1765 1530 2103 1640 haemorrhagiae
2136 1527 2315 1612 elassis
2455 1565 2456 1570 Ν

534 1653 757 1742 arteriusis
773 1653 883 1738 vasis
899 1676 1167 1736 remansura
1185 1651 1518 1765 interceptione
1535 1653 1763 1746 attulimus
1779 1654 1880 1740 satis
1897 1666 2036 1769 patet,
2053 1654 2318 1764 'sanguinem

536 1785 664 1867 illum
697 1775 889 1890 effusum
919 1806 976 1862 ae
1003 1779 1066 1862 sic
1098 1804 1179 1889 per
1216 1789 1464 1892 tamponem
1499 1779 1549 1861 in
1584 1806 1630 1873 os
1663 1778 1802 1864 fontis
1834 1781 2067 1889 injectum,
2099 1807 2193 1864 non
2212 1807 2319 1866 cou-
2390 1849 2419 1899 ,Ι

538 1912 708 1994 tinuam
723 1903 943 2020 profecto,
976 1909 1054 1991 sed
1074 1913 1245 1990 tantum
1265 1901 1571 2022 temporariam
1605 1908 1804 2015 ejusdem
1837 1907 2217 2024 interceptionem
2252 1901 2317 1992 ef·

536 2035 571 2119 f·
629 2065 683 2116 r.
741 2060 847 2118 osse.
1344 2057 1352 2072 ·

557 2063 679 2246 milri
709 2062 929 2246 iuliendas
962 2157 1274 2269 difficultates,
1293 2145 1639 2272 cumsanguinis
1672 2185 1698 2247 e
1729 2173 1916 2277 pectore
1943 2189 2024 2276 per
2039 2163 2209 2246 vulnus
2235 2189 2319 2247 ex-

539 2283 834 2373 travasation'e
853 2287 1111 2394 conjunctas
1129 2297 1176 2371 e't
1191 2290 1249 2370 ad
1264 2287 1474 2372 Tannum
1489 2291 1749 2374 methodum
1766 2291 1996 2376 utiliorem
2014 2291 2318 2395 reddendum,

535 2425 690 2500 monet
721 2413 937 2496 Leaenae
969 2433 1163 2525 (aamaaga
1189 2457 1247 2500 aar
1275 2433 1632 2522 Amymssmsaaafr.
1660 2417 1690 2502 r.
1711 2459 1738 2501 ς.
1764 2439 1868 2504 rom.
1893 2439 1944 2502 n.
1973 2459 2003 2522 p.
2021 2427 2118 2521 som
2156 2415 2320 2500 laesam
2455 2489 2456 2504 .

468 2651 473 2658 .
537 2540 744 2626 arteriam
761 2539 812 2622 in
828 2537 982 2646 unius,
1008 2535 1083 2620 vel
1115 2533 1262 2642 sesqui
1294 2535 1469 2648 pollicis
1501 2562 1526 2620 a
1558 2537 1746 2621 vulnere
1796 2538 2009 2624 distantia
2051 2552 2100 2625 et
2130 2539 2322 2655 propius

536 2671 595 2753 ad
628 2665 748 2751 dorsi
779 2665 949 2778 spinam
981 2687 1144 2768 secare,
1168 2659 1337 2756 deinde
1353 2687 1463 2774 vero
1479 2661 1693 2748 dissectae
1710 2664 1903 2776 arteriae
1927 2667 2321 2774 sanguinolentam
2455 2655 2456 2712 ³

538 2781 874 2880 extremitatem
907 2798 1031 2875 retro
1064 2811 1225 2896 urgere
1259 2797 1307 2870 et
1339 2789 1643 2900 comprimere,
1661 2793 1900 2876 dummodo
1917 2791 2072 2904 pleura
2104 2821 2200 2880 non
2219 2819 2321 2906 ape·
2455 2801 2456 2878 ᾗ

398 2911 404 2926 ’
536 2919 694 3028 riatur,
726 2944 787 3003 ne
821 2915 995 3026 sanguis
1029 2913 1079 2996 in
1112 2912 1308 3025 pectoris
1342 2912 1593 3019 cavitatem,
1626 2917 1704 2998 sed
1730 2943 1812 3028 per
1852 2919 2018 3012 vulnus
2031 2919 2183 3032 potius
2201 2917 2320 3004 foras
2455 3019 2456 3034 p

537 3045 693 3164 egredi
724 3043 875 3158 possit.
907 3037 975 3124 At
1006 3041 1092 3122 hoc
1126 3039 1222 3122 sine
1256 3037 1396 3122 dubio
1430 3039 1479 3122 id
1513 3041 1760 3124 necessario
1792 3047 2115 3156 praesupponit,
2135 3057 2189 3130 ut
2221 3046 2322 3130 vul·

534 3199 621 3256 nus
653 3169 838 3295 aqtspina
871 3166 991 3251 dorsi
1023 3164 1125 3252 satis
1158 3165 1293 3272 longe
1327 3163 1480 3273 distet,
1512 3168 1600 3250 hoc
1633 3167 1754 3250 enim
1776 3169 1977 3254 'vulnere
2010 3175 2084 3256 ad'
2096 3171 2322 3281 ejusmodi

538 3285 787 3382 columnam
826 3319 966 3407 prope
1005 3292 1255 3396 adjacente,
1297 3289 1377 3371 ubi
1418 3317 1592 3376 cursum
1626 3295 1816 3378 arteriae
1851 3294 2035 3383 circiter
2050 3325 2211 3405 unum,
2245 3299 2325 3382 vel

538 3421 686 3533 sesqui
717 3419 927 3536 pollicem
960 3415 1141 3528 propius
1172 3433 1323 3498 versus
1357 3440 1451 3498 eam
1485 3417 1683 3526 dirigere
1717 3421 1945 3527 vellemus,
1978 3435 2183 3509 nostrum
2218 3451 2326 3520 con·

537 3547 687 3634 silium
719 3541 966 3631 necessario
999 3538 1203 3623 frustrari
1237 3549 1284 3622 et
1317 3534 1464 3622 forsan
1497 3567 1579 3653 per
1611 3569 1691 3626 nos
1724 3543 1838 3657 ipsos
1862 3545 2022 3662 ingens
2040 3553 2327 3636 haemorrha.
2455 3587 2456 3606 ι

539 3675 612 3784 gia
644 3668 809 3754 adduci
841 3677 999 3782 posset.
1033 3663 1247 3748 Ceterum
1266 3675 1661 3781 contra-apertura,
1678 3671 1734 3750 ad
1769 3669 2326 3788 exhauriendam'sangui·
2455 3671 2456 3676 ‘

538 3800 610 3886 nis
643 3791 1048 3884 extravasationem
1080 3786 1211 3894 facta,
1244 3791 1332 3872 hoc
1355 3793 1545 3906 ancipiti
1562 3794 1760 3880 remedio
1793 3799 1978 3914 amplius
1995 3828 2091 3888 non
2112 3813 2180 3888 est
2197 3831 2325 3920 opus.

1234 3979 1238 3990 ·
1362 3955 1495 4068 §71-

606 4123 986 4237 Quandoquidem
1025 4117 1109 4236 ipsi
1148 4117 1261 4203 mihi
1293 4121 1495 4202 nondum
1526 4119 1659 4207 licuit
1691 4134 1756 4210 sat
1788 4114 1945 4214 multas
1985 4133 2329 4222 observationes
2455 4159 2456 4228 l

539 4281 673 4370 super
703 4257 788 4338 hac
821 4276 870 4336 re
904 4249 1161 4353 instituere,
1194 4246 1244 4331 id
1268 4248 1400 4355 quod
1430 4245 1630 4331 libenter
1671 4249 1910 4364 confiteor,
1943 4269 2142 4344 attamen
2176 4289 2330 4348 uxess·
2455 4287 2456 4362 t

488 4376 493 4385 ⁸
540 4397 722 4466 murena
760 4389 808 4464 et
846 4403 1016 4463 aumco
1057 4371 1448 4457 celeberrimorum
1482 4371 1789 4483 chirurgorum
1807 4367 1983 4490 ductus,
2017 4413 2113 4470 non
2147 4417 2329 4502 possum
2455 4403 2456 4478 ξ

539 4535 636 4592 non
668 4504 880 4628 Tnnomu
905 4403 1117 4585 mehmdo
1149 4524 1243 4613 prae
1277 4495 1438 4582 ceteris
1470 4499 1674 4586 omnibus
1690 4509 1916 4592 accedere.
1933 4509 2020 4596 Jlla
2035 4514 2175 4597 etiam
2201 4527 2330 4628 tunc,
2455 4547 2456 4552 ¹

471 4739 476 4754 ἱ
541 4634 622 4718 ubi
650 4639 872 4716 costarum
906 4625 1100 4710 fractura
1139 4628 1277 4728 adest,
1309 4622 1532 4730 majorem,
1566 4653 1696 4734 quam
1735 4629 1927 4740 ligatura
1967 4651 2016 4723 et
2057 4667 2330 4756 compresso-
2455 4713 2456 4752 ,

453 4759 455 4770 '
541 4760 674 4864 rium,
707 4755 951 4841 utilitatem
983 4757 1204 4865 praettare
1237 4749 1328 4832 visa
1360 4739 1475 4834 sav).
1495 4747 1592 4856 Hac
1624 4755 1836 4840 methodo
1868 4771 1999 4846 autor
2032 4769 2215 4854 duobus
2255 4773 2331 4856 ho·

541 4885 739 4970 minibus
771 4882 965 4998 salutem*
989 4873 1202 4962 restituit.
1235 4871 1439 4958 FLAJAM
1472 4895 1663 4986 (carazone
1679 4891 1926 4978 rl’ossrr'raza'om'
1951 4929 1967 4975 r
1992 4908 2176 5000 rislesstrnt
2204 4919 2243 4987 dt
2258 4919 2333 4988 Cti-

542 5117 584 5204 q)
612 5119 781 5180 chnrnnr
806 5101 898 5170 Bibl.
927 5093 1079 5184 chirurg.
1108 5099 1148 5165 T.
1177 5096 1252 5159 x11.
1279 5113 1314 5183 p.
1332 5094 1379 5159 60

538 5219 577 5305 r)
602 5207 793 5305 Turuml.
818 5225 853 5274 c.
879 5205 982 5272 Tom.
1008 5203 1035 5268 1.
1063 5201 1152 5267 Sect
1181 5198 1214 5264 5.
1238 5214 1278 5284 p.
1294 5195 1350 5264 60.
1475 5197 1482 5228 ’
