4942 6048
999 431 1112 518 „2195

55 745 66 758 .
172 645 328 724 eontra
363 663 458 722 neu
491 633 615 750 prins
631 633 764 720 “illud
795 634 989 722 vulnere
1021 637 1269 720 extrahere
1301 635 1508 742 suadent,
1538 635 1672 747 'quam
1707 635 1830 718 omni
1862 636 1958 744 jam.

169 765 376 882 periculo
410 763 636 848 recitativi
669 773 855 847 remoto.
888 759 1189 848 Posteriorem
1221 769 1370 845 autem
1402 763 1664 847 methodum
1698 773 1949 870 secuturus,

167 919 230 978 ne
264 893 378 1001 quid
399 889 633 974 acrimonii
670 891 719 972 in
752 898 909 1004 pectus
940 887 1191 1002 percuriat,
1227 887 1434 973 tubulum
1475 888 1682 998 qnotidie
1716 899 1947 998 exemtum
2006 993 2008 1001 Ι

170 1020 357 1104 abluere
391 1021 542 1103 debet.
576 1015 716 1120 Quod
732 1043 858 1102 usum
878 1016 1049 1101 attinet
1079 1031 1437 1103 cucuaaruaaom
1466 1019 1525 1098 ad
1555 1015 1604 1130 §S
1643 1041 1837 1106 loo-101
1861 999 1955 1098 leuss
2054 1013 2066 1030 ‘

37 1195 45 1210 ·
173 1157 314 1232 torem
348 1144 543 1230 remitto.
568 1143 570 1146 ’

233 1268 280 1390 e)
314 1267 412 1355 Alii
446 1281 667 1385 praeterea
699 1289 915 1357 cnoauna
949 1271 1096 1385 partes
1129 1269 1339 1382 quaedam
1370 1265 1563 1379 exiguo
1593 1268 1836 1353 demittere
1862 1287 1956 1364 ruo-

168 1383 302 1507 nent,
335 1395 510 1512 quippe
537 1425 656 1507 quae,
689 1395 786 1482 sine
819 1398 944 1506 gnavi
978 1397 1253 1503 irritatione,
1298 1393 1467 1506 liquori
1517 1396 1697 1482 exitum
1745 1397 1954 1479 interae

169 1526 372 1610 liberum
398 1523 684 1638 permittunt,
717 1527 804 1607 'nec
839 1532 1110 1608 contractam
1152 1522 1286 1607 nimia
1334 1533 1585 1635 aperturam
1638 1547 1730 1606 esee
1778 1522 1956 1608 sinunt..

97 1655 137 1734 .“
171 1651 238 1738 At
270 1653 344 1734 hae
377 1675 558 1760 quoque
591 1655 650 1734 ad
680 1650 914 1745 minimum
946 1677 1028 1764 per
1062 1651 1181 1735 diem
1215 1648 1335 1734 binis
1367 1647 1548 1732 vicihus
1577 1654 1808 1733 mutandae
1826 1659 1953 1755 sunt,

171 1783 295 1890 quod
328 1777 428 1862 cito
454 1780 701 1861 admodum·
720 1776 1034 1886 emolliuntur,
1071 1780 1295 1863 recenant
1326 1786 1377 1860 et
1405 1775 1483 1860 vel
1512 1777 1669 1860 sultte'a
1699 1775 1819 1860 hene
1853 1775 1948 1883 glu-

173 1905 351 1990 tinante
402 1903 637 2018 emplastro
669 1904 843 2017 positas,
876 1928 946 1988 ex.
974 1914 1183 2018 apertura
1215 1903 1455 2018 prodeunt.
1489 1899 1763 1988 Excellentr.
1787 1901 1904 1986 Baro
1921 1929 1953 1986 a

172 2022 386 2138 wasme,
420 2029 503 2113 uhi
534 2031 697 2114 vulnus
729 2039 883 2143 patere
915 2056 998 2144 per
1029 2031 1220 2142 aliquod
1249 2035 1427 2144 tempus
1453 2051 1636 2114 necesse
1666 2029 1747 2135 sit,
1781 2051 1949 2113 osuua-
2012 2017 2021 2024 ’

107 2218 114 2232 .
171 2181 271 2242 aun
303 2181 500 2260 cannam
527 2155 669 2270 ei'per
685 2157 837 2242 horam
870 2155 1113 2246 immittere
1146 2159 1323 2269 suadet.

921 2367 928 2383 ,
979 2287 1005 2398 S
1044 2287 1152 2370 116,
1959 2345 1963 2352 .

239 2409 406 2517 Quoad·
432 2435 560 2496 usum
607 2409 911 2494 remediorum
939 2409 1149 2521 interium.
1174 2408 1390 2494 nimirum
1418 2407 1678 2517 linamenti,
1719 2413 1959 2520 tutandae,

175 2537 342 2646 tubuli,
376 2537 559 2623 chordae
592 2545 640 2620 et
674 2536 891 2644 candelae,
928 2555 966 2644 (ς
997 2559 1066 2622 ιι5
1092 2579 1120 2623 e.
1148 2558 1180 2622 u.
1207 2555 1250 2642 a.)
1285 2546 1338 2619 ut
1354 2545 1560 2649 apertura
1582 2535 1629 2617 in
1648 2536 1822 2648 pariete
1849 2562 1958 2649 peo-

176 2663 285 2749 toris
315 2674 472 2779 patens
504 2673 694 2771 maneat,
727 2659 1061 2776 hocinprimis-
1082 2662 1423 2766 observandum,
1457 2679 1516 2744 ne
1551 2661 1635 2774 hae
1658 2643 1953 2770 deligationis

173 2791 407 2906 apparatus
438 2799 596 2905 partes
618 2787 667 2871 in
701 2788 902 2902 pectoris·
928 2799 1086 2874 cauum
1117 2787 1376 2894 illabantur,
1404 2791 1527 2898 quod
1546 2787 1594 2870 in
1617 2787 1831 2872 continual
1847 2815 1953 2900 poc·

176 2916 284 3000 toris
315 2917 515 3000 motione
549 2913 681 3000 facile
716 2914 838 3000 inter
872 2915 1216 3028 inspirationem
1242 2915 1453 3000 accidere·
1479 2923 1640 3030 potest.
1661 2913 1948 3029 Quapropter

177 3042 325 3127 tubuli
375 3043 535 3127 usitati
577 3045 697 3148 lata,
747 3051 884 3152 atque
933 3040 1210 3154 prominenti
1262 3039 1553 3151 extremitate
1603 3037 1805 3154 praediti
1841 3051 1951 3124 sunt

176 3189 224 3276 (ς.
250 3193 332 3272 ue,
348 3191 401 3277 a.)
438 3169 533 3278 qui,
568 3169 637 3252 uti
671 3168 983 3275 linamentum,
1019 3171 1246 3276 tnrundae,
1281 3169 1479 3276 chordae,
1495 3167 1578 3250 uel.
1604 3165 1771 3252 cereoli
1794 3169 1851 3249 ad
1868 3193 1951 3250 ex·

176 3305 354 3402 ternum
388 3285 675 3406 deligationis
706 3303 961 3408 apparatum
995 3293 1092 3403 iilo,
1132 3305 1220 3378 aut,
1243 3294 1485 3408 emplastra
1512 3293 1769 3403 glutinante
1810 3291 1955 3376 firmi·

176 3432 247 3508 ter
278 3427 560 3536 adaptantur.
596 3420 644 3509 Si
676 3431 862 3534 propter
893 3419 1226 3538 negligentiam
1258 3419 1475 3529 ejusmodi
1523 3417 1804 3530 deligatoriae
1851 3446 1952 3534 par-v

177 3559 242 3634 tes
274 3547 325 3632 in
356 3549 559 3662 pectoris·
584 3575 738 3634 cauum
771 3548 1052 3655 illabuntur„
1072 3546 1162 3656 ibi,
1191 3559 1398 3657 tanquam
1436 3545 1584 3631 aliena
1618 3569 1957 3662 corpora„mag·

173 3701 282 3760 num
316 3679 533 3760 damnum.
553 3673 755 3790 prolerre
787 3686 993 3788 possunt..
1016 3667 1250 3788 Exempla.
1274 3673 1536 3782 hujusmodi·
1562 3677 1774 3758 turundae
1789 3699 1954 3758 revera·-

172 3801 225 3890 in
262 3803 452 3887 thoracis
485 3829 639 3887 cavum
672 3802 856 3914 illapsae,
887 3802 974 3906 jam
1008 3825 1144 3915 supra
1169 3801 1227 3884 in
1251 3799 1349 3886 alio.
1365 3799 1473 3882 locu·
1500 3817 1537 3908 (ς
1565 3819 1696 3920 45),e
1728 3795 1954 3884 Faomcro

174 3954 238 4013 rm
270 3923 451 4011 Hmuuu
485 3938 545 4012 et.
564 3927 745 4014 Tuumo·
770 3925 998 4012 dedimus.
1142 3964 1147 3973 ·

980 4053 1017 4167 ς’
1044 4078 1157 4157 ιη..
1447 4124 1450 4132 ,
1541 4145 1547 4162 ,

241 4178 346 4282 Quo
378 4179 516 4264 simul-³
541 4178 778 4291 sanguinis·
799 4177 1101 4266 eadravasatio
1133 4199 1315 4294 proruas
1343 4182 1552 4268 extincta
1585 4189 1655 4264 est
1685 4191 1735 4264 et
1770 4187 1958 4293 apertu-

175 4333 266 4390 mm
297 4305 496 4420 pectoris
524 4307 709 4421 amplius
741 4305 1037 4392 necessariam
1060 4303 1168 4390 non‘
1195 4305 1469 4418 iudicamus,
1505 4303 1733 4391 inflictum
1783 4307 1947 4394 uulnus

174 4433 442 4548 plerumque
476 4433 625 4518 claudi
666 4435 803 4520 soleta
822 4431 1026 4516 Plurimi
1049 4443 1252 4524 auctores
1283 4431 1466 4545 classici,
1507 4444 1755 4543 antequam
1779 4431 1956 4516 factum.

176 4559 338 4646 arduus
368 4561 503 4676 plane
536 4561 789 4676 operiatur,
814 4585 997 4674 operam
1032 4563 1141 4646 dare
1173 4563 1378 4671 suadent,
1409 4573 1463 4646 ut
1495 4565 1572 4645 adr
1587 4547 1789 4646 omnise
1820 4587 1958 4646 sacco

177 4687 351 4798 pleurae
383 4687 705 4775 exhauriatur..
726 4685 785 4770 In
807 4687 942 4772 hunc
975 4682 1132 4797 finem,
1174 4689 1370 4774 vulnere
1413 4688 1673 4796 intercluso,
1721 4683 1948 4803 profunde
2031 4734 2036 4743 «

178 4811 396 4926 inspirare
428 4814 622 4900 saucium
655 4811 874 4930 optimum
902 4824 1073 4929 putant·
1097 4824 1146 4901 et
1175 4822 1276 4929 post
1305 4815 1578 4900 modointer
1595 4813 1956 4928 exspirationem·
2007 4901 2011 4908 ,

143 4938 341 5022 uulnus
373 4941 681 5054 aperiendum,
712 4951 822 5028 ante
851 4951 1114 5054 sequentem
1146 4965 1267 5028 vero·
1287 4939 1626 5057 inspirationem
1659 4949 1860 5056 apertum
1880 4967 1959 5023 ac-

180 5064 389 5150 curatius.
408 5065 735 5156 occludendum
770 5093 862 5156 esse
895 5079 1103 5162 censent..
1136 5067 1357 5160 ceterum
1398 5061 1502 5156 haec
1546 5067 1784 5156 methodus
1830 5065 1958 5154 laesie

180 5237 223 5320 a),
240 5237 391 5302 hanam.
418 5253 449 5301 ι.
476 5253 508 5302 c.
534 5252 745 5327 nar-am
