4942 6048
1373 405 1459 508 148

999 621 1340 718 CAPUT
1404 625 1830 718 SEXTUM.

984 857 1074 944 Du
1123 884 1449 950 nunnonrs
1497 881 1856 946 nonme.

1333 1116 1359 1230 g
1397 1115 1497 1201 150.

1233 1285 1604 1350 Occuusuu

587 1415 849 1506 Pnouursus
881 1443 1094 1506 eunucus
1127 1431 1194 1508 est
1225 1423 1466 1507 vulnerum
1498 1420 1695 1536 pectoris
1737 1421 2075 1535 penetrantium
2109 1419 2307 1532 sequela,

522 1572 630 1656 qiam
661 1549 885 1663 propriam
929 1555 1152 1658 quandam
1185 1550 1579 1662 complicationum
1613 1549 1664 1632 in
1696 1548 1788 1634 illis
1827 1549 2170 1635 obvenientium
2213 1574 2305 1663 spe·

522 1674 637 1759 ciem
672 1675 909 1760 constituit
941 1683 990 1758 et
1022 1673 1131 1760 falso
1164 1703 1348 1787 quoque
1381 1703 1553 1760 nonum
1585 1703 1859 1762 nuuuouums
1892 1685 2089 1762 vocatur.

584 1799 666 1884 Ex
681 1801 887 1887 omnibus
903 1801 954 1884 in
968 1813 1154 1915 pectere
1172 1803 1398 1889 contentis
1414 1804 1616 1918 partibus
1656 1823 1847 1909 (introduct.
1886 1823 1904 1909 ς
1946 1823 1998 1910 5.)
2031 1803 2306 1886 solummodo

348 2033 358 2042 ,
520 1926 676 2041 pulmo
709 1938 844 2024 extra
875 1930 994 2012 banc
1027 1931 1262 2016 cavitatem
1278 1935 1525 2046 procedere
1557 1940 1718 2044 potest.
1752 1930 1983 2017 Costarum
1998 1929 2220 2040 margines
2235 1957 2307 2042 pa·

518 2079 634 2138 rum.
652 2053 849 2140 invicem
881 2083 906 2138 a
939 2082 985 2141 se
1019 2056 1185 2144 distare
1218 2067 1266 2144 ct
1298 2059 1488 2172 spatium
1519 2057 1729 2142 normulis
1762 2056 1960 2144 interstii
1979 2068 2046 2143 sat
2061 2057 2304 2160 modicum,

517 2177 582 2262 in.
603 2181 753 2269 medio
786 2182 989 2296 amplius,
1020 2189 1080 2268 ad
1110 2184 1232 2271 dorsi
1263 2185 1436 2301 spinam
1483 2185 1712 2296 anguem
1759 2211 1867 2295 esse,
1901 2209 1928 2272 e
1961 2195 2179 2269 costarum
2213 2183 2304 2270 situ
2451 2221 2452 2232 Ν

518 2315 569 2390 et
624 2318 849 2395 stnrctura
896 2311 1151 2398 edocemur.
1197 2311 1432 2397 Pulmonis
1479 2311 1618 2398 forma
1652 2333 1761 2420 (osa.
1814 2335 1989 2400 introduct.
2016 2331 2084 2418 §6
2122 2365 2159 2384 -
2202 2353 2237 2418 7·
2256 2332 2300 2419 ),

514 2435 626 2517 dum
657 2436 832 2549 pleurae
863 2436 1057 2550 speciem
1089 2441 1268 2523 assumit
1301 2439 1384 2524 ille
1426 2450 1474 2523 et
1514 2465 1657 2525 saccos
1707 2441 1902 2552 complet
1949 2443 2007 2523 ad
2057 2447 2200 2521 lotum
2251 2439 2301 2521 in

517 2569 637 2646 statu
685 2560 908 2670 normali,
956 2589 1052 2647 non
1085 2591 1353 2679 magnopere
1384 2569 1443 2649 ad
1474 2567 1725 2681 prolapsum
1773 2576 1876 2679 apta
1926 2575 2006 2650 est.
2038 2563 2131 2648 Hic
2169 2593 2299 2678 prop·

519 2695 591 2772 ter
637 2698 810 2780 arctum
857 2688 977 2772 illud
1024 2689 1322 2778 interstitium
1371 2693 1564 2776 maxima
1617 2718 1683 2777 ex
1722 2703 1851 2806 parte
1883 2691 2051 2776 accidit
2097 2697 2155 2776 ad
2186 2691 2301 2805 pari·
2451 2723 2452 2740 Ν

515 2822 613 2900 etee
659 2815 856 2930 pectoris
903 2815 1122 2903 laterales.
1169 2813 1236 2902 At
1284 2816 1343 2904 fit
1390 2820 1649 2929 aliquando,
1700 2829 1753 2903 ut
1796 2818 1946 2925 unius,
1996 2819 2068 2903 vel
2101 2819 2299 2933 plurium
2451 2809 2452 2862 ³

514 2951 664 3054 partes
696 2951 928 3050 costarum,
962 2943 1056 3030 eive
1088 2945 1246 3052 sterni,
1278 2943 1362 3031 ubi
1394 2946 1545 3030 desint
1578 2973 1617 3034 e.
1650 2973 1691 3055 g.
1724 2944 1884 3030 ossium
1918 2943 2127 3054 fractura,
2177 2971 2295 3060 sepa-

444 3094 447 3102 ·
515 3078 694 3177 rentur,
708 3070 784 3155 vel
814 3095 993 3184 prorsus
1024 3081 1289 3156 moveantur
1321 3074 1528 3180 deloco,
1562 3099 1712 3185 eoquo
1745 3074 1839 3186 ipso
1871 3073 2011 3158 maior
2036 3073 2088 3157 in
2102 3073 2298 3188 pectoris

512 3193 688 3310 pariete
720 3197 883 3282 lacuna
914 3197 1102 3311 existat3
1134 3199 1246 3284 binc
1277 3198 1411 3286 facile
1454 3198 1566 3285 oriri
1614 3210 1777 3315 potest,
1827 3209 1880 3284 ut
1927 3201 2081 3314 pulmo
2129 3203 2296 3286 maiore
2451 3287 2452 3298 .

480 3360 488 3366 ·
514 3322 650 3409 ctiam
681 3334 808 3437 parte
842 3351 918 3409 sua
951 3349 978 3409 e
998 3327 1179 3413 thorace
1197 3327 1247 3410 in
1264 3337 1516 3442 aperturam
1538 3329 1942 3412 coutranaturalem
1961 3331 2077 3410 hane
2109 3327 2294 3416 incidat.

571 3447 1124 3566 Prolapsus'pulmonum.
1139 3453 1190 3538 in
1220 3455 1416 3567 pectoris
1450 3454 1713 3538 vulneribus
1746 3465 1811 3540 sat
1858 3453 2071 3565 frequens
2113 3468 2195 3564 est,
2243 3464 2296 3538 ut

512 3573 673 3660 videre
706 3576 817 3660 licet
856 3576 906 3659 in
938 3576 1196 3690 Chirurgiae
1228 3583 1475 3668 annalibus.
1509 3573 1766 3666 Dnnrnon0)
1797 3582 2092 3668 nibilominus
2131 3607 2294 3668 asseve-

512 3710 596 3810 rat,
633 3702 742 3788 alios
773 3728 857 3818 per
888 3731 1064 3790 omnem
1095 3709 1459 3821 probabilitatem
1494 3699 1751 3794 intercutis
1783 3734 1984 3820 magnam
2001 3711 2171 3822 copiam
2201 3709 2292 3791 vul·

510 3853 671 3956 nerum
706 3829 756 3913 in
788 3829 1007 3919 inferiore
1037 3847 1164 3948 parte
1195 3836 1392 3951 pecturis
1423 3861 1505 3951 pro
1556 3834 1818 3950 pulmonum
1867 3835 2090 3949 prolapsu,
2117 3859 2293 3951 ‘perpe-

509 3983 603 4040 ram
637 3957 849 4072 epipleon
883 3986 1103 4069 egressum
1136 3955 1347 4050 sumsisse.
1393 3962 1628 4070 Attamen,
1663 3990 1801 4072 quum
1843 3962 1922 4046 ille
1956 3989 2106 4074 neque
2125 3966 2291 4046 clarum

510 4085 801 4200 principium,
833 4113 986 4197 neque
1019 4089 1299 4176 sufficientes
1332 4089 1529 4177 rationes
1560 4090 1984 4202 exhibeat-studio
2017 4089 2208 4203 partium
2243 4099 2293 4175 et

509 4211 658 4322 iniqui
666 4222 756 4297 tate
773 4217 1057 4324 duceremur,
1072 4218 1241 4301 nullam
1258 4215 1398 4303 fidem
1414 4216 1632 4302 habentes
1665 4217 1957 4331 scriptoribus
1990 4216 2178 4331 plurima
2194 4217 2292 4332 pul·

398 4367 404 4374 ·
488 4365 689 4447 ἱῐιιοηιιιιι
720 4341 953 4457 prolapsus
985 4345 1195 4458 exempla
1234 4345 1467 4430 nobiscum
1501 4343 1946 4432 communicantibus.

1224 4529 1237 4540 ⁴
1314 4511 1340 4626 S
1378 4513 1480 4598 151.

1189 4679 1601 4746 Discuruun
1675 4687 1683 4704 ¹

568 4809 736 4900 Pulmo
766 4817 848 4900 sub
882 4817 1055 4932 duplici
1083 4817 1260 4903 diverso
1294 4831 1503 4934 respectu
1534 4831 1669 4906 extra
1702 4827 1859 4934 pectus
1874 4820 2097 4934 procedit:
2135 4839 2179 4908 1⁰
2211 4851 2287 4912 um

504 4964 655 5026 nuncu
687 4969 897 5030 nunonem
930 4971 1086 5030 nuusro
1119 4971 1387 5054 Anuuouorr,
1426 4962 1470 5032 2⁰
1504 4974 1578 5034 our
1611 4977 1760 5036 uocum
1795 4974 1946 5032 nauus
1980 4975 2098 5037 suun.

504 5144 544 5230 o)
574 5147 1238 5222 onuaeu.·1²re·ciselementairedea
1265 5151 1438 5222 maledics
1463 5156 1634 5244 repute'eo
1660 5150 1928 5241 chirurgicalea,
1960 5161 1992 5224 8.
2034 5155 2141 5224 Puris.
2188 5161 2288 5229 1818

552 5245 652 5315 non
680 5253 724 5318 11.
752 5269 787 5339 p.
815 5253 1054 5332 464-465··
