4942 6048
1026 423 1111 544 93

188 673 277 750 tam
312 651 422 750 ιιιιιιιΙ
445 662 664 780 sanguine
696 661 812 750 vasis
859 660 1034 749 incluso
1088 643 1309 748 rationem
1342 685 1388 746 ae
1421 661 1585 747 habeat
1617 674 1665 748 et
1702 687 1854 750 omnes
1887 667 1980 753 hoc

181 797 316 875 modo
367 794 575 878 humores
640 789 829 902 ingressi
862 817 981 874 cum
1030 787 1251 901 sanguine
1306 794 1486 876 demum
1530 790 1846 900 misceantur,
1895 819 1972 880 nc·

181 918 389 1029 cessario,
422 919 534 1005 vasis
565 920 755 1004 nimium
789 917 1042 1032 completis,
1059 919 1297 1002 humorum
1331 919 1389 1000 ad
1421 920 1683 1028 sanguinem
1724 919 1872 1022 aditus
1905 922 1970 1004 in·

181 1046 365 1159 terpelli
398 1043 588 1156 deber).
609 1046 1049 1138 ¹Ve‘naesectionibu‘s
1081 1072 1198 1160 saepe
1231 1043 1403 1128 iteratis
1449 1053 1541 1128 tota
1590 1046 1795 1132 machina
1845 1047 1969 1156 quasi

178 1175 374 1258 attonita
407 1176 634 1284 redditur,
666 1201 758 1287 quo
791 1171 842 1259 in
876 1183 995 1260 statu
1028 1198 1127 1257 vasa
1171 1170 1450 1256 resorbentia
1501 1170 1705 1286 inprimis
1753 1186 1971 1288 apparent

38 1371 51 1378 -
174 1297 394 1388 efficacia.
428 1302 616 1389 Certum
649 1301 790 1413 igitur
823 1312 906 1410 est,
939 1298 1349 1404 venaesectionem,
1383 1325 1514 1409 quam
1549 1299 1599 1382 in
1633 1303 1719 1384 hoc
1748 1326 1847 1384 casu
1890 1327 1966 1385 sae·
2088 1338 2092 1348 =

27 1459 32 1470 ·
171 1453 229 1540 pe
263 1439 315 1512 ut
347 1430 543 1516 maxime
578 1429 819 1514 indicatam
852 1427 1061 1537 vidimus,
1093 1453 1217 1510 nunc
1249 1426 1336 1534 jam
1389 1430 1471 1539 per
1519 1425 1813 1512 resorbtiouis
1845 1429 1968 1534 adiu·
2034 1460 2037 1468 ¹

169 1566 374 1662 mentum
423 1557 584 1642 utilem
634 1555 757 1666 fieri,
806 1555 1011 1669 inprimis
1044 1580 1153 1640 vero
1186 1553 1223 1639 si
1249 1554 1624 1639 extravasationis
1673 1579 1842 1639 causam
1876 1555 1966 1636 hae·
2009 1609 2010 1614 a

126 1672 129 1678 ’
167 1684 419 1792 morrhagia
454 1711 480 1772 e
512 1683 624 1770 vasis
671 1684 1005 1798 pulmonalihus
1046 1682 1305 1766 constituat.
1354 1681 1614 1765 Dolendum
1664 1690 1745 1790 est,
1778 1681 1865 1763 hoc
1899 1707 1963 1766 rc·

169 1809 366 1894 medium
400 1839 494 1896 non
528 1837 702 1925 semper
732 1809 943 1924 praesidio
970 1834 1083 1895 csse.
1100 1809 1325 1892 lemanno
1359 1809 1433 1893 vel
1479 1807 1807 1915 audacissimis,
1856 1809 1965 1892 mul·

31 1937 36 1944 “
170 1935 394 2046 totiesque
417 1938 601 2024 iteratis
633 1935 1040 2024 venaesectionihus
1089 1961 1206 2042 usus,
1256 1933 1375 2017 vidit
1401 1939 1581 2018 tandem
1631 1943 1848 2044 aegrotum
1877 1943 1960 2015 ter-

170 2059 237 2144 tio
269 2074 369 2175 post
401 2067 663 2178 pulmonum
695 2063 925 2148 laesionern
958 2061 1035 2146 die
1067 2063 1193 2146 inter
1225 2060 1375 2145 omnia
1391 2059 1764 2146 extravasationis
1788 2059 1962 2216 sangui·

170 2213 274 2274 neae
307 2203 601 2306 symptomata
635 2202 859 2274 mortuum
894 2180 1036 2276 esse).

238 2349 285 2419 2⁰
317 2336 539 2422 Rauenna
573 2358 887 2424 acmvmarau
919 2349 1107 2421 uranum
1139 2355 1490 2420 commeatuum
1522 2354 1582 2416 aa
1620 2357 1724 2419 ιἰιιιι
1771 2325 1958 2418 transar-
2011 2374 2022 2382 ·

169 2485 295 2549 Miris
327 2488 572 2552 Ausum.

229 2607 337 2692 Huc
369 2611 621 2726 pertinent,
655 2620 708 2694 ut
743 2607 883 2696 tradit
919 2605 1135 2721 therapia:

231 2730 525 2878 aJRemedia
558 2761 811 2824 oronnmca
843 2760 1049 2842 nunouar
1081 2735 1355 2818 Decocturae
1406 2739 1454 2818 et
1502 2744 1632 2842 aqum
1679 2731 1954 2846 petrosilini,

163 2859 265 2976 pini
301 2866 546 2974 turiouum,
580 2863 860 2950 baccarum
844 2860 1078 2977 prniperi,
1094 2858 1146 2943 in
1178 2859 1439 2945 universum
1471 2869 1603 2972 potus
1658 2860 1789 2944 valde
1823 2887 1956 2971 aquo

163 3016 233 3076 sus
267 2987 542 3104 insimulque
576 2989 935 3102 mucilaginosus,
964 2995 1206 3086 decoctum
1235 2985 1400 3076 hordei
1452 2997 1499 3070 et
1548 2981 1723 3093 similia,
1774 2986 1952 3096 quibus·

162 3143 264 3201 cum
295 3118 454 3203 addito
486 3119 718 3234 paululum
750 3115 1015 3228 vegetabilis
1047 3112 1181 3224 acidi,
1213 3111 1417 3198 acidulus
1439 3137 1566 3226 sapor
1582 3113 1949 3198 communicatur

160 3238 295 3356 Aqua
331 3241 578 3334 Selterana.

225 3373 291 3498 b)
307 3371 529 3460 hunnis
561 3392 874 3458 occoenomca
906 3381 956 3455 et
988 3370 1112 3455 inter
1144 3367 1244 3451 haec
1293 3363 1527 3481 inprimis,
1583 3389 1762 3476 quoae
1814 3368 1952 3452 classe

159 3483 316 3583 salium
350 3511 635 3611 neutrorum,
667 3499 800 3588 simul
831 3497 882 3582 in
915 3497 1008 3584 vias
1040 3491 1281 3581 uriniferas
1313 3494 1405 3578 vim
1438 3519 1557 3578 suam
1583 3502 1824 3602 exercent,
1846 3521 1951 3604 qua·

159 3624 230 3711 lis:
280 3623 469 3715 Cremor
511 3626 681 3737 tartari,
717 3625 798 3742 qui
829 3630 887 3710 ad
920 3625 1060 3710 instar
1092 3648 1223 3736 aquae
1255 3621 1486 3708 limonatae
1537 3613 1735 3737 praeberi
1786 3629 1950 3736 potest.

159 3751 495 3843 Serum'lactis.
575 3767 579 3772 ’

221 3879 281 4002 BJ
313 3881 538 3966 Ruunnra
570 3907 742 3969 roaros.

221 4001 265 4126 aJ
298 4007 501 4094 Locacns
533 4033 752 4095 sanounus
785 4027 1124 4090 onanacrronns
1141 4001 1398 4087 immediate
1431 4005 1488 4086 ad
1523 3995 1746 4108 thoracem
1766 3999 1943 4086 institu-

160 4147 235 4244 tae,
269 4135 345 4218 hic
377 4137 626 4250 praesertim
659 4131 867 4220 efficaces
914 4132 1144 4217 videntur.
1195 4129 1396 4239 Utilitas,
1429 4155 1533 4240 quae
1566 4149 1632 4210 ex
1665 4150 1748 4210 um
1778 4153 1942 4215 cucun-

158 4287 299 4347 araan
331 4286 723 4350 sanouruounrmaa
755 4263 881 4345 inter
911 4259 1106 4373 scapulas
1143 4257 1191 4340 in
1225 4253 1570 4370 penetrantibus
1602 4251 1797 4364 pectoris
1849 4257 1943 4339 vul·

156 4390 343 4476 neribus
366 4391 610 4499 adhibitae,
643 4399 874 4504 perspecta
914 4385 1020 4492 fuit,
1053 4385 1104 4468 in
1138 4411 1240 4470 casu
1273 4375 1648 4470 extravasatiouis
1699 4380 1941 4492 sanguinis,

103 4543 106 4548 ·
157 4529 363 4632 respectu
397 4516 691 4605 resorbtionis
724 4544 778 4603 eo
800 4519 934 4600 modo
951 4522 1184 4628 promotae,
1219 4539 1313 4596 non
1345 4511 1479 4625 plane
1514 4517 1582 4602 est
1597 4505 1815 4618 ambigua.
1834 4507 1938 4611 Quo

155 4841 197 4930 v)
225 4843 423 4907 warmuse.
454 4812 753 4926 Beohachtungen
778 4838 889 4908 ueber
913 4835 978 4904 das
1002 4831 1326 4922 Saugadersystem,
1355 4827 1515 4899 welches
1542 4825 1680 4898 sowohl
1696 4824 1937 4896 Krankheiten

217 4937 480 5030 hervorbrrngr,
508 4943 563 5010 als
588 4940 680 5012 auch
707 4941 804 5010 heilt.
840 4947 945 5029 1788.
976 4937 1072 5029 (Vitl.
1089 4937 1411 5005 commentationes
1438 4939 1515 5002 Soc.
1530 4937 1616 5022 Reg.
1634 4935 1759 5001 Sciant.
1779 4933 1932 5016 Gotting.

123 5053 131 5074 ““
219 5045 267 5112 ad
291 5065 346 5112 aaa.
385 5051 490 5132 1787,
526 5051 630 5131 ¹788.
658 5046 740 5114 Vol.
768 5050 837 5113 tx.
865 5048 945 5114 Got.
979 5047 1084 5130 1789.
1111 5040 1268 5131 p.155.)
1297 5049 1332 5106 et
1358 5043 1414 5108 W.
1448 5043 1668 5110 cromam
1694 5045 1731 5104 ει
1756 5039 1939 5106 luscam

218 5170 247 5216 r.
276 5168 306 5215 c.
335 5157 374 5217 T.
395 5153 437 5214 11.
467 5147 647 5216 Addition.
674 5171 710 5238 p.
735 5151 805 5236 ¹⁶7
832 5157 966 5236 etseq.

113 5273 121 5280 ·
151 5251 205 5342 w)
233 5257 383 5322 ιοιιιιιιιι.
406 5271 449 5318 os
475 5273 638 5322 manseron
650 5273 843 5321 uumuna.
872 5271 900 5318 ι.
929 5275 960 5324 c.
987 5251 1027 5317 Τ.
1042 5252 1083 5318 V.
1097 5267 1132 5336 p.
1151 5249 1235 5335 572.
1264 5256 1397 5336 etseq.
