4960 6054
1039 426 1099 532 ιι
1246 463 1260 484 ·’

177 673 229 740 re
261 650 519 760 interjecto,
552 657 845 763 symptomata
877 646 1104 754 extitisse,
1138 647 1429 762 experientia
1447 603 1599 742 multis
1622 615 1842 776 exemplis
1856 691 1956 780 pro-

177 779 269 867 bat.
304 775 433 893 Saepe
466 777 591 862 inter
624 780 886 862 cadaverum
920 773 1245 890 inspectionem
1278 775 1330 862 in
1353 775 1670 870 defunctorum
1696 789 1952 882 thoracibus

177 916 366 1022 stuppas,
399 904 782 1011 vestimentorum,
817 901 979 988 ossium
1011 897 1258 1012 fragmenta
1291 913 1340 990 et
1371 905 1554 1014 glandes
1593 915 1951 1029 reperiebantur,

175 1059 283 1142 qum
319 1043 480 1138 tamen,
502 1040 738 1143 propterea
771 1027 942 1138 quod
926 1055 977 1116 ιιι
1009 1041 1194 1142 pectore
1224 1030 1442 1139 latebant,
1461 1061 1586 1120 causa
1602 1041 1756 1126 mortis
1772 1071 1867 1128 non
1884 1043 1951 1132 fu-

175 1184 267 1245 ere.
299 1157 466 1278 Ipsum,
500 1161 623 1267 quod
656 1161 714 1240 ad
746 1155 1067 1264 deligationem
1099 1155 1307 1242 adhiberi
1341 1159 1470 1268 solet,
1504 1153 1697 1250 linteum
1730 1181 1949 1284 carptum,
1986 1225 1991 1246 .

173 1284 267 1371 sive
300 1283 540 1369 liberum
527 1311 581 1378 ιιι
610 1281 744 1368 variis
775 1283 900 1388 locis,
933 1281 1027 1367 sive
1060 1283 1110 1366 in
1157 1283 1460 1396 peculiaribus
1509 1291 1642 1376 saccis
1691 1321 1718 1381 e
1764 1298 1951 1412 lympha

146 1435 157 1518 ,’
174 1412 448 1556 coagulabili
500 1415 719 1496 exsudata
750 1407 964 1517 formatis,
1013 1408 1234 1494 inclusum
1266 1409 1601 1554 inveniebatur,
1636 1425 1949 1536 quodetiam,

171 1549 234 1622 ut
259 1539 547 1644 monuimus,
540 1543 664 1622 dum
699 1535 882 1645 latebat,
914 1535 1081 1645 damni,
1130 1535 1204 1622 vel
1236 1537 1384 1622 statim
1416 1537 1711 1656 insequentis,
1744 1550 1817 1633 vel
1849 1565 1957 1666 post,

171 1663 358 1774 aliquod
394 1676 571 1780 tempus
596 1663 854 1772 existentia,
886 1691 968 1776 per
999 1689 1045 1748 se
1077 1663 1237 1782 ipsrun
1283 1662 1406 1748 nihil
1451 1665 1696 1758 adierebat.
1745 1673 1948 1764 Maxime

172 1802 325 1876 autem
374 1790 662 1876 memorabile
714 1800 780 1876 est
828 1783 1072 1894 Ηιιιιιιιιιι)
1107 1791 1384 1902 exemplum,
1423 1791 1502 1874 ubi
1552 1793 1708 1907 refert,
1756 1797 1949 1890 militem

167 1915 389 2032 aliquem
414 1917 553 2002 inter
575 1915 751 2000 tertiam
789 1924 850 2002 et
876 1924 1093 2024 quartam
1141 1917 1299 2002 dextri
1349 1919 1574 2003 laterisa
1626 1925 1717 2008 telo
1748 1927 1947 2037 ignilero

172 2041 227 2127 in
274 2053 430 2187 pectus
482 2041 767 2149 transtlxum,
817 2040 937 2130 ιιιιιιι
987 2046 1111 2150 quod
1157 2041 1363 2154 inprimis
1393 2055 1554 2130 notatu
1587 2049 1776 2160 dignum
1809 2068 1946 2167 esset,

169 2168 293 2255 intra
325 2171 495 2284 priores
528 2168 734 2278 quinque
771 2167 868 2254 dies
899 2193 1068 2280 passum
1109 2191 1213 2252 esse
1247 2166 1429 2258 Vulnus
1480 2182 1564 2256 tam
1612 2175 1704 2261 late
1750 2183 1947 2293 patebat,

174 2305 230 2378 ιιι
265 2306 353 2382 tres
387 2293 518 2381 simul
567 2293 719 2404 digiti,
751 2297 809 2378 ad
840 2293 945 2378 coni
977 2291 1177 2377 formam
1210 2295 1488 2410 compositi,
1490 2281 1588 2383 huc
1621 2298 1757 2390 facile
1787 2305 1949 2418 immit-

173 2420 211 2504 ti
242 2432 437 2536 possent,
470 2420 645 2529 sanguis
677 2446 786 2504 vero
826 2428 874 2504 et
905 2423 982 2504 adr
1015 2422 1172 2506 crebro
1221 2424 1603 2546 excernebantur.
1638 2425 1790 2532 Quum
1836 2461 1966 2526 vero.
2108 2521 2114 2534 ,
2248 2487 2256 2496 -

170 2547 359 2634 militem
393 2548 538 2654 illum,
571 2545 768 2630 melioris
801 2545 1160 2654 investigationis
1201 2573 1342 2653 causa,
1376 2547 1669 2659 circumcirca
1696 2555 1747 2640 in
1777 2570 1947 2646 utrum-

168 2699 261 2784 que
292 2675 407 2760 latus
440 2671 781 2779 convertissent,
818 2682 964 2755 tumor
995 2669 1045 2754 ιιι
1079 2672 1253 2785 scapula
1285 2661 1488 2786 repertus
1522 2687 1569 2760 et
1585 2676 1695 2773 inde
1713 2683 1946 2828 clypeolus

168 2799 266 2885 eius
298 2801 554 2915 pectoralis
569 2791 890 2920 (breastplate)
925 2805 1158 2886 extractus
1192 2805 1273 2907 est,
1307 2799 1432 2907 cujus
1449 2803 1553 2884 duae
1580 2806 1743 2918 tertiae,
1760 2837 1807 2894 vr
1796 2809 1945 2922 glan-

169 2925 286 3012 dis
271 2953 323 3012 ιιι
356 2924 539 3010 formam
574 2924 797 3033 oannulae,
847 2922 990 3033 qualis
1022 2951 1104 3038 pro
1138 2924 1337 3009 candelis
1370 2927 1704 3038 extinguendis
1743 2931 1850 3023 lieri
1882 2967 1946 3028 so·

168 3051 251 3160 let,
286 3053 556 3159 convolutae,
590 3051 796 3160 glandem
830 3049 965 3162 ipsam
999 3049 1049 3131 in
1081 3075 1127 3133 se
1160 3049 1587 3163 complectebantur.
1615 3055 1814 3171 Reliqua
1844 3063 1945 3179 pairs

173 3177 324 3286 tertia,
358 3176 497 3261 fracta
532 3187 579 3260 et
627 3175 807 3259 invecta
840 3201 1021 3284 quoque
1056 3201 1144 3258 una
1178 3173 1313 3261 exiit.
1346 3175 1477 3264 Miles
1509 3179 1590 3266 ille
1622 3183 1750 3272 vixit
1796 3193 1946 3278 adhuc

169 3315 260 3390 tres
291 3305 604 3410 hebdomades,
636 3328 730 3383 non
763 3299 860 3384 sine
891 3325 1048 3410 magna
1081 3325 1156 3413 spe
1187 3307 1508 3414 recuperandae
1537 3306 1736 3418 plenae
1721 3340 1771 3396 ιιι
1803 3329 1946 3429 poste

167 3458 267 3515 rum
309 3425 582 3517 relectionis.
615 3423 681 3509 Aa
713 3423 853 3534 gravi
887 3427 1034 3509 subito
1066 3415 1205 3508 animi
1254 3428 1507 3540 pathemate
1540 3431 1743 3546 allectus,
1782 3445 1945 3532 avulsit

167 3547 355 3668 quadam
388 3566 525 3641 nocte
556 3562 812 3669 apparatum
844 3551 1159 3662 deligatorium
1193 3561 1241 3638 et
1271 3577 1401 3641 mane
1416 3556 1634 3736 postridie
1659 3567 1942 3658 exanimatus

166 3683 381 3808 inventus
415 3693 493 3769 est
631 3759 638 3774 .
908 3761 914 3776 .

207 3811 398 3894 Natura
431 3807 720 3914 medicatrix,
753 3832 926 3926 semper
957 3809 1026 3888 ad
1057 3807 1348 3894 renitendum
1398 3813 1606 3900 extemis
1654 3817 1893 3908 viribus
1876 3853 1943 3912 1n·

164 3915 293 4022 iestis
327 3943 388 4043 et,
438 3935 655 4044 quantum
688 3929 794 4016 fieri
826 3940 999 4046 potest,
1030 3937 1087 4015 ad
1136 3932 1442 4046 impediendas
1474 3937 1746 4028 laesiones
1731 3973 1781 4029 ιιι
1820 3978 1942 4062 orga-

165 4063 300 4148 nismi
349 4060 671 4144 detrimentum
704 4058 838 4144 lactas
886 4063 1074 4171 promta,
1107 4058 1225 4143 sicut
1272 4062 1323 4144 in
1356 4053 1472 4150 aliis
1504 4067 1825 4182 occasionibus,
1875 4078 1940 4162 ita

129 4164 281 4274 'tunc
314 4213 495 4298 quoque
529 4185 621 4269 vim
653 4211 771 4270 suam
804 4182 1075 4270 salutiferam
1124 4183 1398 4300 manifestat,
1428 4197 1610 4300 quando
1644 4223 1830 4311 corpora
1864 4205 1942 4289 ali·

165 4315 336 4404 enain
368 4311 562 4426 pectoris
595 4311 830 4395 cavitatem
861 4311 1183 4423 pervenerunt.
1214 4312 1391 4428 Nempe
1405 4341 1469 4401 ex
1502 4317 1774 4432 irritatione,
1808 4356 1940 4437 quam

110 4431 113 4440 ’
165 4439 385 4550 ejusmodi
418 4465 601 4552 corpora
634 4436 795 4554 aliena,
835 4435 1053 4522 diutius
1038 4464 1089 4520 ιιι
1108 4439 1305 4536 thorace
1337 4441 1635 4553 subsistentia,
1666 4457 1939 4568 producunt,

166 4567 362 4653 subinde
396 4566 544 4648 oritur
575 4561 799 4648 adhaesiva
840 4561 1154 4708 inflammatio,
1187 4563 1279 4650 sive
1302 4567 1506 4681 partium
1536 4570 1671 4678 juxta
1695 4578 1940 4690 positarum

165 4691 477 4800 condensatio,
495 4716 584 4802 qua
616 4693 901 4796 succedente,
920 4689 998 4772 illa
1032 4691 1199 4802 quasia
1233 4700 1328 4776 toto
1353 4695 1539 4810 co'rpore
1569 4725 1745 4812 prorsus
1782 4710 1939 4794 exclu-

162 4823 352 4904 duntur.
384 4817 718 4926 Nonnunquam
752 4813 871 4900 circa
901 4817 1002 4899 haec
1033 4817 1180 4902 aliena
1197 4845 1380 4933 corpora
1398 4819 1724 4915 involucrume
1754 4831 1937 4944 plastica

164 4945 351 5058 lympha
382 4940 616 5026 formatum
650 4941 1021 5058 conspiciebatur,
1055 4948 1178 5054 quod
1194 4943 1272 5036 illa
1286 4948 1469 5064 proprio
1487 4955 1679 5064 quodam
1711 4981 1851 5070 sacco,
1868 4988 1937 5046 va·

166 5073 223 5160 sis
255 5067 432 5184 stipato,
465 5069 688 5178 cingebat.

7 5279 11 5286 ·
164 5207 780 5328 v)lohn.l{mmm....1.cp5'95.

1804 5375 1828 5455 7
