4960 6054
1061 437 1110 492 XV

161 639 355 718 interdum
373 635 587 730 delitescit,
612 636 739 724 unde.
756 638 933 714 oriuntur
950 647 1200 736 symptomata
1215 648 1255 711 et
1271 641 1471 740 praecipue
1501 645 1591 739 post
1622 638 1780 738 aliquod
1797 645 1964 744 icmpus'
2017 723 2020 734 ,

161 762 375 836 vehemens
407 761 641 858 suppuratio.
673 757 1047 870 §sufflammati
1078 759 1251 830 saucians
1278 777 1363 830 non
1399 761 1728 858 invenire‚-haud
1759 765 1950 836 suflicit.-

161 879 447 981 lnexplicabilis
479 901 589 952 casus
622 877 772 973 glandis
802 880 842 950 in
871 889 1035 975 pectore
1067 897 1147 948 non
1178 876 1562 976 inventae.-Corpus.
1590 879 1756 954 alienum
1788 883 1840 954 ob
1871 905 1950 954 mo-

160 1001 348 1074 bilitatem
380 998 609 1092 cartilaginis
641 998 855 1069 ensiiormis
890 995 1014 1068 latere
1044 1005 1188 1093 potest.
1223 993 1356 1068 Casus.
1375 994 1395 1094 1
1417 997 1709 1085 45.-Νιιιῐιετιιε
1733 999 1951 1094 alienorum

160 1141 370 1218 corporum
400 1139 510 1215 saepe
540 1138 770 1214 permagnus
803 1126 863 1190 est
895 1126 936 1190 et
965 1113 1161 1188 interdum
1197 1116 1350 1188 nonnisi
1394 1128 1485 1212 post
1516 1115 1675 1214 aliquod
1722 1129 1871 1216 tempus
1903 1143 1949 1192 se

158 1240 386 1312 marriiestat.
418 1233 612 1332 Exempla.
644 1235 750 1334 111.
1121 1321 1123 1328 χ

221 1357 504 1430 Paoonosrs.
526 1351 777 1450 Complicatio
792 1350 881 1426 haec
898 1373 1195 1426 asarounosa
1212 1365 1283 1426 est.
1302 1349 1422 1457 Quod
1453 1350 1666 1452 periculum
1696 1349 1870 1454 proxime
1900 1357 1951 1430 ab

160 1495 417 1548 raarrarrors
445 1469 820 1570 pendet-Corpora
849 1471 975 1544 aliena
1005 1470 1199 1545 interdum
1245 1473 1321 1544 iam
1352 1475 1489 1546 sanatis
1522 1477 1694 1548 externis
1723 1475 1951 1549 vulneribus

158 1617 232 1692 per
262 1594 439 1668 arteriam
468 1589 641 1690 asperam
673 1593 886 1664 eiiciuntur.
917 1588 1223 1690 Exempla-Vel
1240 1587 1244 1592 ’
1264 1593 1377 1664 etiam
1407 1615 1479 1689 per
1512 1605 1628 1668 totam
1651 1595 1762 1666 vitam
1791 1597 1830 1666 in
1864 1593 1949 1670 tho-

159 1735 251 1784 race
283 1711 418 1799 latent,
449 1711 534 1804 sine
564 1709 647 1784 ullo
680 1709 821 1782 damno
852 1711 1033 1784 sanitatis.
1059 1709 1251 1806 Exempla.
1275 1710 1296 1808 1
1316 1708 1567 1799 45.-cvaa.
1599 1711 1782 1784 Vulneris
1815 1735 1952 1784 axeno-

159 1853 292 1920 nnrm,
324 1831 386 1902 cui
417 1830 577 1903 inservit
610 1845 780 1904 nior-rus.
812 1825 1063 1933 Quapropter
1098 1849 1207 1927 saepe
1239 1827 1378 1900 vulnus
1411 1851 1608 1901 ornaraas
1639 1841 1756 1926 atque
1788 1852 1951 1904 morsro·

160 1971 230 2043 pas
261 1963 418 2044 magnas·
448 1947 578 2020 lacere
610 1937 719 2044 opus
740 1957 810 2020 est.
845 1946 977 2020 Casus.
1011 1943 1341 2046 §id-Corporis
1372 1945 1488 2019 alieni
1519 1969 1760 2038 nxrnaorms
1800 1949 1864 2022 vel
1896 1949 1952 2020 di·

160 2071 261 2164 gitis,
294 2065 359 2138 vel
389 2066 538 2164 forcipe
570 2063 795 2160 chirurgica.
827 2065 1100 2138 Iusrnuuunra
1132 2087 1313 2137 vurssuu
1344 2087 1628 2139 curnuaoonurs
1677 2089 1719 2138 ru
1757 2089 1862 2140 auro
1896 2089 1951 2140 sr-

159 2209 241 2260 nnu
265 2205 468 2258 sornam:
500 2183 676 2256 hamulus
715 2183 877 2274 Boram,
909 2183 1131 2258 annulatum
1161 2181 1361 2281 specillum
1391 2183 1545 2274 Fuanrr,
1577 2185 1733 2282 forceps
1764 2208 1837 2284 pro
1867 2185 1951 2280 glo-

159 2304 262 2378 bulis
293 2305 568 2391 Tuouassrrsrr,
602 2303 796 2376 tribulcon
828 2301 987 2374 Paacrr.
1020 2301 1120 2377 llaec
1149 2301 1402 2376 instrumenta
1432 2305 1518 2374 usui
1548 2303 1670 2389 minus
1700 2304 1963 2407 accomodata

121 2447 124 2454 ’
161 2435 263 2498 sunt.
297 2421 593 2522 §ip-Corpus
625 2421 792 2494 alienum
823 2424 863 2496 in
892 2421 1139 2519 pulmonibus
1170 2401 1307 2510 latens,
1342 2432 1432 2494 tunc
1464 2420 1707 2494 solummodo
1742 2401 1863 2500 debet
1885 2441 1959 2496 ex··

162 2541 273 2632 trahi,
305 2562 422 2638 quum
452 2541 586 2635 attingi
615 2563 659 2612 se
690 2543 864 2639 patiatur.
899 2537 1046 2614 Contra
1076 2561 1171 2610 vero
1202 2541 1358 2628 amotio,
1375 2539 1437 2612 vel
1469 2542 1786 2638 appropinquatio
1817 2540 1867 2614 ad
1885 2563 1949 2614 ex-

162 2672 315 2735 ternum
346 2659 485 2732 vulnus
517 2669 669 2734 naturae
698 2657 960 2754 relinquenda
989 2669 1060 2732 est.
1094 2655 1226 2730 Casus.
1259 2655 1658 2756 §id-Adminicula,
1690 2679 1783 2754 quae
1812 2681 1948 2757 corpo-

160 2783 194 2854 ri
225 2779 367 2867 alieno,
398 2776 506 2874 quod
523 2763 562 2850 in
595 2776 756 2850 thorace
785 2779 833 2850 ab
865 2775 1216 2856 externorulnere
1247 2788 1437 2848 remotum
1467 2775 1608 2866 haeret,
1646 2777 1862 2850 amovendo
1894 2780 1950 2850 in·
1996 2851 2003 2856 .

161 2901 346 2974 serviunt.
379 2893 667 2996 11195111.)
688 2917 794 2968 sirus
813 2895 1013 2969 vulnerati.
1034 2895 1135 2968 Usus
1166 2892 1280 2966 huius
1298 2895 1457 2968 subsidii
1488 2893 1590 2992 apud
1621 2889 1790 2969 veteres.
1807 2897 1828 2994 1
1847 2899 1950 2970 5ο.-
2057 2884 2062 2896 ’

160 3015 227 3115 B.)
241 3037 500 3088 russorrouns.
531 3013 717 3086 Iudicium
748 3014 801 3087 de
832 3036 1053 3098 uramara
1083 3034 1128 3086 ac
1158 3034 1212 3100 vr,
1244 3011 1318 3107 qud
1350 3033 1415 3086 eas
1447 3011 1754 3086 adhiberelicet.
1772 3012 1951 3086 iniectio·

162 3157 234 3208 nes
265 3153 380 3230 aquae
413 3132 572 3230 tepidae,
602 3130 667 3204 vel
698 3131 805 3204 lactis
838 3133 1004 3204 omnium
1034 3131 1240 3228 aptissimae
1271 3139 1361 3202 sunt
1392 3141 1432 3202 et
1470 3129 1595 3202 nulla‘
1623 3132 1659 3202 si
1689 3132 1833 3204 immitti
1881 3129 1950 3204 de-

163 3255 272 3328 bent.
304 3251 410 3350 151.
427 3287 461 3300 -
478 3247 545 3346 C.)
574 3249 813 3320 Pscunraars
843 3269 1058 3320 oraaramo
1088 3267 1290 3318 vunnsrus.
1321 3245 1395 3320 illa
1425 3251 1465 3318 in
1494 3245 1570 3319 hoc
1596 3269 1686 3321 casn
1718 3269 1826 3348 saepe
1857 3259 1948 3347 post

160 3370 366 3456 laesionem
396 3365 641 3465 suscipienda
660 3377 746 3438 est.
779 3364 974 3462 Exempla.
1007 3363 1218 3463 §Sa-D.)
1244 3362 1639 3437 eoam-amassai.
1672 3367 1945 3441 iudicationes.
1972 3437 1976 3450 ,
2018 3377 2020 3385 '

160 3487 333 3585 Regulae
364 3487 550 3560 cautionis
580 3483 835 3574 adhibendae,
850 3505 902 3556 ne
924 3483 1079 3556 Arteria
1108 3482 1366 3555 intercostalis
1398 3482 1577 3556 laedatur.
1611 3483 1948 3584 1155514101·-

163 3630 235 3708 pus
265 3607 432 3680 alienum
463 3607 502 3678 in
532 3602 653 3693 costi,
685 3585 749 3676 uel
782 3625 872 3676 osse
903 3603 1036 3690 sterni,
1068 3599 1175 3696 quod
1207 3603 1450 3678 extrinsecus
1502 3605 1614 3676 eximi
1643 3602 1946 3700 nequit.=Casus

163 3727 362 3800 Ganaam.
410 3721 623 3805 Methodus
670 3723 753 3796 eius
788 3733 942 3798 ,contra
986 3718 1246 3808 chnsnann,
1308 3741 1550 3818 nequaquam
1615 3719 1666 3794 ad
1729 3723 1947 3821 exemplum

165 3839 364 3920 trahenda.
397 3839 608 3916 Consilium
640 3837 843 3915 Cnoraam
873 3851 915 3916 ct
958 3838 1159 3912 Dasium
1192 3835 1245 3912 de
1289 3841 1432 3912 ossium
1480 3841 1758 3938 trepanatione.
1805 3839 1947 3916 Nostra

162 3960 237 4038 haic
268 3962 320 4036 de
351 3983 397 4034 re
427 3962 569 4059 opinio.
601 3960 708 4060 155.

224 4115 361 4192 Carus·
393 4111 584 4191 silim-Du
631 4137 1021 4196 uasuoannaora
1060 4137 1115 4191 ux
1146 4137 1431 4192 sarsarosrs
1468 4135 1603 4190 vasis
1647 4139 1740 4190 non
1772 4119 1948 4188 sxrour‘

137 4255 414 4312 'urauurnn
446 4235 648 4336 115575.
851 4219 857 4228 ³

165 4383 169 4394 ’
213 4393 577 4488 ,ΗΑειιοκιιηΑοιΑι
606 4389 684 4468 hoc
715 4416 806 4466 casu
838 4367 1034 4468 oocunsus
1066 4395 1104 4468 in
1134 4415 1296 4490 genere.
1328 4389 1519 4492 Praecipui
1552 4415 1692 4466 ronrns
1709 4385 1948 4466 haemorrha-

163 4515 252 4612 giae:
286 4511 353 4615 A.)
377 4511 531 4588 Arteria
560 4511 830 4588 intercostalis.
861 4511 925 4613 Β.)
955 4511 1057 4588 Vasa
1086 4512 1331 4614 pulmonalia.
1365 4511 1430 4613 C.)
1466 4511 1621 4586 Arteria
1650 4513 1862 4584 mansuaria
1890 4513 1946 4584 in-

166 4641 284 4706 terna.
318 4633 425 4731 156.
1494 4631 1496 4636 ’
1910 4635 1915 4644 ’

222 4789 277 4888 Α)
307 4785 702 4864 Hauuonnurlors
735 4813 784 4864 rur
815 4813 994 4866 samara
1016 4813 1307 4866 mmcosranr.
1340 4787 1561 4889 1157-72.

224 4905 777 4997 Occunsus.-Fnsousrrra
809 4933 1022 5004 nassrours,
1042 4909 1155 4984 huius
1186 4908 1409 5008 arteriae.'§
1427 4911 1495 5007 57.
1515 4907 1798 4982 Draonosrs.
1816 4905 1946 4980 sissi

91 5127 96 5132 Ι
164 5047 372 5100 conaturus
402 5029 524 5126 aperti
559 5031 657 5103 vasis
686 5031 864 5106 arteriosi
895 5049 975 5107 non
1007 5031 1134 5124 exigui
1166 5029 1352 5102 diametri.
1384 5026 1511 5102 Srona
1551 5047 1727 5100 raosnra:
1761 5027 1855 5097 situs
1887 5045 1947 5096 ar·

164 5147 276 5220 tcriae
306 5147 752 5244 anatomicos-Sanguis
784 5151 948 5248 erumpit
978 5152 1080 5225 inter
1110 5159 1316 5244 utrumque
1346 5147 1609 5246 respirationis
1644 5158 1804 5240 tempus.
1838 5143 1944 5218 Fons
2003 5151 2007 5157 “

164 5261 466 5364 haemorrhagiae
497 5269 630 5344 sentiri
660 5278 792 5370 potest
821 5268 945 5370 digito
990 5268 1031 5344 in
1061 5265 1201 5356 vulnus
1232 5269 1407 5344 immisso.
1440 5265 1602 5362 Sanguis
1634 5272 1784 5336 dnauat
1816 5283 1943 5336 suras
