4942 6048
875 516 890 542 a
1025 477 1109 556 131

173 703 277 785 aire
312 696 455 808 ducit,
490 693 570 810 qui
603 721 668 784 ex
701 699 788 784 hoc
822 724 900 786 suo
933 697 1220 846 receptaculo
1253 727 1336 815 per
1368 723 1563 814 asperam
1595 699 1803 788 arteriam
1853 704 1959 788 hau·

174 838 265 912 stus
299 826 350 910 in
385 763 536 912 tellam
570 827 823 913 cellulosam
841 826 1068 940 pervenit,
1102 827 1149 911 in
1184 827 1411 941 plerisque
1447 829 1667 914 eiusmodi
1683 829 1852 915 casibus
1872 841 1959 915 tam

174 981 330 1096 parurn
362 954 619 1064 leviterque
651 952 777 1038 laesio
805 953 1034 1086 pulmonis
1068 943 1190 1038 cadit
1222 957 1303 1039 sub
1337 949 1504 1064 οοιιιοι,
1537 966 1590 1039 ut
1622 959 1845 1042 consuetis
1873 959 1989 1042 hac-

174 1081 409 1204 occasione
442 1081 830 1202 symptomatibus
848 1105 1018 1227 carens,
1053 1083 1128 1166 vel
1160 1082 1284 1166 inter
1315 1081 1558 1197 autopsiam
1590 1083 1719 1168 nullo
1752 1084 1841 1168 alio
1860 1113 1960 1200 pac·

171 1218 225 1293 ⁴to
258 1205 557 1303 animadverti
606 1208 772 1324 possit,
792 1208 880 1294 nisi
913 1208 1027 1293 airis
1076 1235 1161 1324 ope
1193 1237 1276 1323 per
1326 1211 1567 1316 bronclu'os
1618 1211 1668 1292 in
1701 1212 1958 1324 pulmonem

176 1319 375 1443 inflati,
398 1327 488 1446 quo
522 1330 641 1419 iacto
674 1335 798 1420 inter
845 1335 1095 1480 pulmonis
1103 1336 1419 1426 extensionem
1468 1336 1752 1423 artificialem
1785 1344 1861 1424 air
1894 1363 1959 1424 ex

175 1463 261 1547 hac
293 1461 496 1546 abnormi
530 1472 753 1606 apertura
771 1462 1001 1578 prorumpi
1034 1474 1082 1550 et
1131 1465 1307 1548 exinde
1317 1465 1700 1659 t>empbysematis
1733 1493 1859 1552 causa
1892 1494 1961 1551 oc·

177 1589 455 1676 easionalis
440 1615 491 1676 ιιι
525 1589 629 1674 vivo
663 1616 850 1705 corpore
882 1589 994 1676 oriri
1028 1583 1347 1679 videbatur).*)
1919 1623 1925 1632 ⁴

688 1863 691 1870 .
983 1759 1010 1872 f
1056 1765 1158 1865 1³4

243 1917 706 2038 Sequiturproprior
739 1923 1082 2037 emphysematis
1115 1926 1303 2010 oriundi
1335 1930 1580 2041 adspectus.
1613 1923 1781 2012 Aerem
1807 1934 1961 2010 almos·

175 2049 410 2165 phericum
444 2051 495 2136 in
527 2049 793 2135 vulneribus
824 2051 1020 2162 pectoris
1051 2054 1410 2165 penetrantibus,
1443 2056 1525 2140 sub
1546 2052 1680 2140 certis
1697 2053 1960 2164 quibusdam

178 2169 534 2287 conditionibus,
566 2202 865 2264 merraarroun
897 2203 979 2295 per
1026 2179 1190 2266 vulnus
1223 2193 1469 2272 externum
1502 2180 1660 2295 excipi
1693 2207 1734 2264 ιιι
1767 2178 1961 2295 pectoris

180 2297 436 2414 cavitatem,
466 2329 769 2418 nxrruarioun
801 2315 950 2390 autem
983 2331 1089 2390 runa
1121 2307 1362 2421 propelli,
1349 2333 1435 2392 ram
1461 2308 1665 2393 vidimus.
1698 2306 1960 2392 Primariam

175 2415 436 2518 huiusmodi
467 2431 759 2578 phaenomeni
793 2432 1101 2572 conditionem
1117 2459 1208 2521 esse
1229 2433 1431 2522 diximus
1450 2456 1486 2544 (t
1519 2457 1578 2542 rs)
1596 2433 1806 2540 liberum,
1824 2459 1962 2576 quan·

182 2569 279 2642 tu'm
310 2557 416 2644 fieri
447 2560 600 2674 possit,
631 2558 746 2644 airis
779 2528 1064 2658 extrinsecus
1096 2555 1214 2644 illati
1262 2589 1345 2677 per
1376 2562 1541 2646 vulnus
1574 2569 1820 2645 externum
1862 2559 1961 2645 exi·

183 2695 291 2770 tum.
312 2685 530 2782 Huncita
563 2686 688 2770 inter
705 2686 889 2799 primam
922 2711 947 2770 a
978 2684 1254 2798 sauciatione
1289 2685 1628 2802 inspirationem
1661 2697 1846 2801 pectore
1878 2713 1962 2772 ex·

181 2824 377 2926 ceptum,
409 2817 546 2924 atq'ue
579 2809 734 2898 redire
766 2790 1047 2925 impeditum,
1079 2813 1328 2928 praesertim
1361 2814 1398 2900 si
1430 2813 1607 2926 gelidus
1638 2814 1712 2922 sit,
1761 2813 1878 2896 viam
1910 2811 1962 2900 si·

181 2941 246 3049 bi,
295 2940 489 3026 naturali
523 2940 671 3045 calore
704 2944 762 3026 ad
782 2950 965 3053 ¹partem
999 2951 1213 3026 octavam·
1233 2942 1283 3026 in
1316 2940 1487 3028 ambitu
1528 2949 1698 3024 auctam
1733 2959 1891 3048 (aas),
1912 2939 1962 3024 in

181 3067 434 3181 proximam
470 3069 618 3156 tellam
653 3066 910 3152 cellulofam
944 3067 1134 3178 aperire,
1167 3080 1304 3178 atque
1337 3069 1389 3151 in
1421 3068 1621 3154 vulneris
1651 3065 1845 3154 ,externi
1863 3093 1964 3150 am·

183 3196 285 3280 bitu
322 3206 537 3279 tumorem
571 3189 758 3278 efficere
776 3193 1027 3278 monuimus
1062 3216 1109 3303 (t,
1128 3217 1204 3304 ιο),
1241 3195 1321 3306 qui
1337 3221 1480 3308 supra
1511 3194 1763 3286 memoratis
1780 3197 1965 3308 emphy-

184 3322 337 3408 semati
370 3321 562 3435 propriis
595 3319 731 3429 signis
764 3320 997 3432 praeditus,
1031 3349 1125 3406 non
1158 3323 1302 3434 gravis
1334 3321 1650 3418 momentiest
1684 3322 1734 3407 in
1768 3319 1965 3408 vulneri·

183 3451 266 3536 bus
297 3449 493 3566 pectoris
524 3449 884 3562 penetrantibus,
918 3447 1005 3533 nisi
1041 3447 1158 3534 forte
1193 3451 1419 3534 laedantur
1451 3447 1540 3532 viae
1589 3447 1739 3536 adriae.
1778 3445 1965 3535 -Ceteris

181 3588 333 3664 antem
367 3575 574 3660 omnibus
607 3576 802 3690 paribus,
834 3575 1049 3692 pulmone
1083 3575 1213 3662 simul
1244 3580 1367 3683 laeso,
1393 3579 1477 3668 a'e'r
1508 3601 1593 3690 per
1622 3576 1750 3660 illum
1768 3576 1964 3720 haustus,

183 3711 292 3791 dum
326 3703 391 3786 ibi
426 3703 619 3788 retineri
653 3701 827 3786 diutius
859 3729 952 3785 non
984 3704 1153 3815 potuit,
1188 3705 1237 3786 in
1269 3703 1466 3816 pectoris
1502 3702 1737 3788 cavitatem
1760 3727 1862 3788 sese
1897 3703 1964 3788 ιιι

189 3843 258 3916 ter
290 3807 639 3914 ιιιιιιιιιιοιοιι
671 3827 881 3940 proxime
915 3826 1131 3936 effundit,
1167 3841 1277 3914 tunc
1309 3855 1417 3912 vero
1435 3840 1710 3916 extenuatus
1727 3839 1965 3936 atqueam

186 3957 289 4040 bitu
322 3982 400 4039 suo
434 3967 607 4062 auctus,
641 3943 816 4039 recedit
849 3952 972 4038 inter
1004 3973 1351 4040 ιιιιιιιιιιιιοιιιιιι
1384 3955 1434 4040 ιιι
1469 3957 1619 4042 tellam
1654 3955 1906 4040 cellulosam
1939 3983 1965 4036 a

183 4092 313 4196 parte
344 4081 540 4194 pectoris
573 4089 769 4166 externa
801 4079 943 4188 sitam,
978 4107 1078 4166 cum
1111 4110 1193 4195 per
1226 4085 1371 4168 laesam
1404 4069 1620 4196 pleuram,
1669 4092 1806 4193 atque
1838 4082 1964 4168 laesos

184 4212 404 4293 miraculos
438 4206 693 4292 immediate
726 4192 968 4295 accessiset.
1017 4207 1065 4295 Si
1098 4210 1222 4294 locus
1254 4211 1477 4322 pulmonis
1510 4209 1729 4296 sauciatus
1747 4235 1847 4292 cum
1872 4235 1964 4294 sau-

186 4315 307 4422 aiala
341 4341 499 4420 eodem
536 4345 736 4481 tempore
770 4334 876 4418 tella
909 4337 1120 4422 cellulosa
1152 4337 1345 4450 parietes
1376 4336 1570 4450 pectoris
1602 4337 1902 4447 obtegente
1889 4364 1965 4420 rm·

186 4463 380 4550 mediate
414 4465 654 4570 cohaereat,
686 4489 764 4544 aer
780 4487 861 4579 per
882 4487 1076 4574 asperam
1108 4465 1315 4550 arteriam
1350 4467 1546 4570 haustus,
1565 4463 1640 4549 vel
1674 4462 1796 4548 inter
1829 4464 1966 4577 ipsam

188 4588 528 4704 inspirationem
564 4589 797 4676 transitum
830 4589 996 4675 habere
1029 4591 1212 4705 poterit.
1246 4591 1346 4675 Hoc
1380 4595 1510 4678 modo
1528 4591 1651 4676 inter
1667 4617 1799 4674 unam
1819 4619 1966 4702 quam·

190 4745 279 4828 que
313 4717 646 4830 expirationem
678 4719 755 4799 adr
788 4717 843 4800 ab
878 4743 968 4799 una
1001 4718 1115 4802 cella
1147 4722 1205 4802 ad
1237 4721 1420 4803 alteram
1454 4744 1626 4831 semper
1659 4718 1836 4828 longius
1867 4747 1966 4832 pro·

190 4845 336 4929 fertur
368 4847 425 4926 ad
461 4843 597 4928 totius
631 4841 828 4968 corporis
863 4841 1014 4971 tellam
1049 4845 1316 4965 cellulosam.
1333 4847 1450 4932 Τιιιιι
1465 4852 1643 4932 demum
1667 4847 1965 4960 emphysema,

191 5033 526 5119 z)louuBau.1..
555 5049 586 5094 c.
614 5052 649 5118 p.
679 5031 875 5116 507-308.

123 5171 126 5180 ·
189 5129 369 5222 *)ροοιι,
397 5131 577 5197 multoties
603 5129 841 5210 adfirmatum,
871 5147 951 5197 mea
978 5107 1122 5218 quoque
1148 5106 1319 5222 probatur
1345 5135 1580 5223 experientia,
1608 5151 1715 5222 quam
1745 5129 1791 5198 de
1818 5125 1967 5220 emphy·
2017 5149 2024 5162 ·

247 5245 379 5300 semare
405 5243 487 5322 post
514 5243 690 5299 costarum
717 5231 931 5322 complicata
956 5229 1111 5300 fractura
1138 5246 1264 5302 exorto
1291 5233 1435 5320 factam,
1464 5239 1501 5304 in
1526 5237 1643 5304 morbi
1671 5235 1891 5304 enarratione
1904 5233 1966 5302 de·

247 5335 330 5404 inde
356 5335 457 5402 attuli
488 5337 546 5428 (ις
580 5337 791 5428 ι47-ι49).

1836 5473 1862 5528 ᾗ
