4942 6048
1031 395 1118 480 155
1506 445 1526 488 ο

170 619 206 706 ti
241 629 288 707 et
321 617 657 733 propagationis
692 613 882 706 sinsin
916 623 1065 708 tellam
1099 601 1355 714 cellulosam
1392 626 1528 714 totins
1560 625 1825 743 superficiei
1871 657 1971 716 cor-

164 747 285 864 poris
319 753 420 832 satis
453 743 678 863 explicari
707 761 915 860 possunt.
949 750 1157 840 Effectus
1172 751 1531 872 proximusqhoc
1546 757 1646 842 loco
1663 758 1792 868 ae'ris,
1812 747 1966 868 quem·

164 881 426 966 admodum,
453 873 679 994 sanguinis
730 876 818 961 ubi
866 883 924 962 de
959 878 1160 988 eiusdem
1194 883 1555 967 extravasatione
1575 906 1641 994 (pq
1671 906 1963 997 ss-*ss),aquae

166 1002 250 1088 ubi
284 1009 347 1100 de¹
376 1002 733 1113 hydrothorace,
767 1004 909 1118 puris,
942 1006 1023 1089 ubi
1057 1011 1116 1092 de
1150 1019 1406 1126 empyemte
1441 1037 1586 1094 sermo
1637 1010 1722 1132 est)
1771 1024 1964 1098 coarcta-

172 1131 235 1214 tio
269 1139 336 1214 est
363 1129 500 1250 „spatii
534 1129 657 1214 intra
690 1143 850 1244 pectus
881 1137 940 1216 ad
971 1133 1195 1250 pulmonis
1240 1135 1565 1252 expansionem
1598 1139 1861 1249 necessarii,
1894 1145 1966 1225 vis

167 1257 468 1344 musculorum
502 1259 727 1365 restricta,
765 1257 1067 1370 insufficiens,
1100 1262 1174 1346 vel
1206 1264 1340 1375 plane
1370 1265 1557 1374 sublata,
1574 1264 1828 1376 immediata
1845 1293 1966 1379 pres·

167 1385 233 1470 sio
267 1385 317 1468 in
337 1409 450 1468 uasa
472 1384 534 1504 in
573 1385 717 1471 totius
750 1387 947 1499 corporis
981 1399 1181 1508 externa
1210 1389 1453 1505 superficie
1489 1392 1586 1498 sita,
1620 1393 1730 1476 inde
1753 1392 1963 1508 plethora

166 1516 242 1616 ad,
258 1537 423 1620 organa
454 1511 657 1622 interna,
690 1513 887 1624 ideoque
922 1540 1143 1600 vronnura
1194 1542 1240 1600 m
1273 1543 1491 1624 urnaque
1541 1543 1773 1604 ammaum
1823 1545 1964 1620 virne

166 1663 380 1726 nuruams
413 1667 681 1748 surculose,
712 1667 753 1724 ns
794 1666 1143 1744 nnsemauoun,
1167 1643 1316 1752 arquis
1366 1670 1582 1732 sandonus
1632 1669 1963 1734 crucunarroun

169 1787 516 1884 ιἰιιιιυιιιιιιτιο.Ι
540 1765 685 1888 (Hinc
718 1769 902 1892 quidem
935 1779 1244 1882 symptomata,
1278 1801 1381 1882 quae
1416 1775 1703 1886 emphysema
1752 1775 1966 1860 comitan-

173 1903 262 2012 tur,
295 1922 406 2004 non,
447 1906 500 1978 ut
533 1901 668 2008 vulgo
703 1896 988 2002 credebatur,
1023 1923 1048 1980 e
1085 1898 1190 1982 tella
1223 1901 1435 1985 cellulosa
1474 1899 1650 2010 inflata,
1675 1903 1754 1986 sed
1803 1927 1873 1987 ex.
1893 1905 1964 1986 aii·

169 2022 233 2108 ris
282 2023 403 2108 intra
452 2023 628 2136 pleuros
674 2048 817 2108 saccos
848 2048 1043 2132 egressu
1086 2025 1324 2140 praecipue·
1349 2026 1593 2139 provenire
1628 2023 1786 2146 patet.)
1846 2027 1964 2132 Qua-

59 2139 66 2157 '
164 2161 358 2264 propter
408 2161 717 2264 symptomata,
763 2148 962 2260 quaein
997 2153 1336 2264 emphysemate
1382 2154 1643 2238 traumatico
1694 2156 1963 2270 plerumque

173 2280 492 2393 observantur,
521 2280 646 2363 nulla
681 2303 836 2366 eorum
869 2276 1045 2361 ratione
1079 2279 1251 2388 habita,
1283 2307 1398 2391 quae
1431 2277 1528 2366 iere
1571 2281 1701 2366 simul
1735 2309 1760 2369 e
1792 2307 1962 2396 perma-

171 2405 390 2506 nentibus
424 2406 563 2490 causis
597 2404 692 2520 piris
724 2403 1089 2520 occasionalibus,
1122 2405 1267 2516 qualis
1300 2417 1519 2493 costarum
1566 2404 1829 2518 fragmenta,
1880 2433 1963 2522 per

171 2533 475 2630 irritationem
507 2533 734 2639 oriuntur,
768 2530 927 2616 similia
960 2541 1064 2614 sunt
1082 2532 1152 2639 iis,
1170 2561 1285 2642 quae
1320 2532 1371 2617 in
1400 2533 1630 2643 sanguinis
1647 2537 1968 2620 extravasatio·

173 2687 236 2752 ne
286 2643 541 2746 obveniunt
576 2683 612 2770 (q
640 2683 721 2768 79).
754 2654 997 2770 Inspiratio
1047 2658 1196 2742 brevis
1245 2671 1474 2744 momento
1519 2659 1771 2774 peragitur,
1818 2685 1968 2770 eaque

176 2797 373 2873 cessante
407 2813 578 2899 semper
611 2810 761 2896 aspera
794 2785 959 2868 arteria
992 2783 1185 2894 glottide
1220 2813 1320 2870 cum
1354 2787 1547 2901 strepitu
1580 2788 1741 2896 clausa,
1774 2775 1961 2872 commo-
2034 2783 2035 2786 ‘

175 2926 321 3002 vetur.
338 2911 563 3024 Aegrotus
581 2909 786 2996 erunibus
802 2911 975 2996 viribus
991 2911 1159 2996 nititur
1174 2915 1406 3026 pulmones
1428 2917 1532 2998 aire
1549 2916 1744 3028 repletos
1776 2917 1964 3024 babere,

173 3044 299 3128 unde
334 3030 481 3126 breuis
515 3042 624 3124 haec
646 3039 804 3122 citoac
823 3038 983 3122 iterata
1000 3038 1101 3154 vice
1119 3037 1234 3126 facta
1251 3040 1492 3154 inspiratio
1504 3038 1682 3126 excitat
1703 3040 1964 3153 singultum.

176 3169 335 3254 Gravis
369 3168 508 3278 angit
528 3167 659 3250 illum
690 3165 823 3250 dolor
856 3159 1206 3278 compressionis,
1240 3166 1333 3252 sive
1366 3167 1656 3278 intensionis,
1685 3196 1799 3280 quae
1841 3196 1890 3252 a
1900 3169 1967 3252 lo-
2090 3192 2094 3200 ’

176 3323 232 3390 co.
262 3295 468 3381 laesionis
513 3295 781 3416 plerumque
818 3290 1058 3376 tumefacto
1090 3319 1142 3378 ac
1168 3293 1298 3378 rubri
1316 3295 1475 3380 coloris
1490 3299 1754 3408 procedens,
1759 3305 1968 3440 occupat

174 3423 406 3538 regionem
439 3419 809 3538 hypogastricam
841 3417 932 3502 Pro
967 3419 1165 3530 sequelis
1209 3431 1362 3508 autem
1393 3422 1701 3508 circulationis
1717 3411 1964 3534 sanguinis,

175 3559 272 3638 tum
303 3579 386 3664 per
417 3550 666 3665 pulmones,
686 3557 778 3632 tum
794 3573 878 3661 per
893 3573 1046 3634 omnes
1079 3549 1275 3664 cornuis
1306 3559 1454 3664 partes
1475 3550 1700 3658 turbatae,
1719 3553 1966 3637 habentur

172 3673 756 3786 faciesrubratumidaque,
789 3674 913 3758 oculi
945 3679 1026 3760 sub
1059 3676 1283 3789 palpebris
1318 3672 1575 3761 tumefactis.
1602 3703 1666 3761 ex
1684 3679 1844 3784 orbitis
1859 3701 1959 3790 pro·

171 3804 300 3918 lapsi,
331 3807 481 3920 pulsus
514 3804 677 3890 debilis
710 3811 758 3885 et
792 3811 1060 3909 contractus,
1110 3828 1282 3913 semper
1313 3802 1537 3887 abnormis
1567 3813 1704 3911 atque
1739 3802 1964 3888 intermit—

177 3941 291 4040 tens3
325 3932 644 4016 extremitates
673 3936 720 4010 et
756 3926 951 4010 membra
997 3927 1131 4012 totius
1166 3929 1362 4040 corporis
1395 3925 1675 4037 refrigerata,
1707 3931 1794 4013 sub.
1822 3955 1959 4016 manu
2006 4000 2014 4008 .

178 4058 405 4169 tangentis
428 4061 485 4142 ad
515 4058 655 4141 instar
690 4052 928 4154 marmoris.
966 4051 1087 4140 Situs
1119 4053 1171 4142 in
1203 4059 1334 4148 dorso
1366 4080 1650 4165 nequaquam
1683 4055 1859 4169 patiens
1891 4081 1959 4138 ae·
2041 4149 2047 4175 κ

174 4197 342 4297 grotus,
376 4184 472 4295 qui,
505 4190 610 4270 dum
644 4185 772 4268 sedet
805 4181 1077 4266 solummodo
1111 4193 1159 4268 et
1195 4169 1303 4265 tun'c
1337 4192 1536 4268 erectum
1570 4207 1745 4295 corpus,
1794 4181 1869 4268 vel
1900 4185 1960 4266 ad

174 4323 346 4426 partem
370 4311 642 4396 anteriorem
675 4308 941 4426 inclinatum
978 4320 1151 4419 tenens,
1183 4309 1339 4394 morbo
1373 4335 1418 4394 se
1451 4309 1647 4392 levatum
1682 4309 1822 4394 sentit
1856 4336 1958 4419 gau·

175 4445 369 4552 detque,
382 4438 581 4549 quamvis
595 4465 687 4520 non
704 4433 787 4550 per
804 4435 986 4544 longum
1007 4448 1190 4551 tempus.
1215 4434 1413 4528 ,Etenim
1442 4435 1580 4520 aneto
1612 4448 1784 4522 tumore
1806 4447 1959 4524 exter-

161 4551 255 4678 no,
285 4567 509 4678 magisque
527 4577 631 4652 cute
650 4565 843 4670 intensa,
874 4562 971 4675 pari
1005 4565 1182 4650 ratione
1216 4562 1455 4678 respiratio
1483 4562 1713 4648 molestior
1730 4563 1961 4674 redditur,

176 4694 307 4779 simul
339 4693 475 4780 etiam
497 4698 650 4780 eadem
669 4690 858 4777 rationo
877 4703 1069 4801 augetur
1098 4691 1351 4806 periculum
1385 4715 1733 4798 surrocamours,
1773 4691 1847 4776 cui
1880 4717 1962 4775 ne·
2061 4767 2065 4774 .

176 4823 361 4908 cessario
393 4820 879 4930 succumbitaegrotus,
911 4820 999 4904 nisi
1033 4847 1186 4906 manus
1217 4816 1510 4926 auxiliatrix,
1543 4819 1659 4902 malo
1674 4828 1836 4928 amoto,
1853 4843 1959 4902 eum

175 4949 310 5034 morti
359 4951 612 5036 horrendae
659 4959 796 5060 atque
845 4945 1123 5055 inevitabili,
1152 4971 1282 5062 saepe
1313 4955 1414 5057 post
1446 4944 1619 5059 aliquot
1653 4947 1782 5030 horas
1831 4945 1961 5031 inter

175 5076 474 5168 acerbissimos
521 5075 698 5190 angoris
732 5073 957 5164 cruciatus
990 5073 1281 5190 subsequenti
1315 5070 1493 5186 eripiat.
2034 5084 2036 5095 ‘
