4942 6048
1027 440 1113 528 11⁵

990 669 1015 782 s
1052 615 1155 776 ua

242 788 511 882 sisennas
551 789 749 914 (etpost
782 818 885 878 eum
918 785 1248 911 Rroneaunnp)
1263 789 1613 902 observat-sein
1629 777 1833 883 omnibus
1850 811 1960 885 mor.

173 921 334 1005 borum
366 923 561 1035 pecteris
593 921 998 1033 disquisitionibus,
1031 947 1117 1008 nec
1150 949 1243 1006 non
1261 921 1599 1035 operationibus
1618 923 1773 1008 harum
1791 951 1981 1040 respccr

172 1056 229 1130 tu
263 1047 482 1134 institutis
500 1075 680 1136 *nuscum
717 1051 1020 1132 tantummodo
1054 1071 1198 1134 casum
1232 1049 1462 1158 cognitum
1491 1047 1715 1158 habuisse,
1752 1078 1842 1162 quo
1864 1055 1961 1166 pul·

174 1199 328 1260 mones
361 1201 461 1258 cum
477 1167 633 1290 pleuri
650 1176 882 1281 conjuncti
917 1185 1079 1282 essent,
1112 1191 1305 1288 eumque
1339 1201 1407 1288 ex
1422 1177 1492 1259 La
1515 1168 1702 1260 nome>
1719 1181 1960 1290 experiens
2044 1233 2059 1262 .·

180 1299 245 1384 tia·
274 1305 537 1388 desumtum.
569 1301 659 1392 Vir
691 1303 771 1386 ille
805 1302 1009 1388 eruditus
1039 1304 1199 1416 procul
1231 1299 1373 1388 dubio
1392 1301 1779 1416 nonitcpossibili
1798 1303 1849 1387 iu
1864 1305 1961 1390 uni*

174 1451 350 1513 versum
383 1425 642 1548 pulmonum
677 1455 778 1512 cunr
809 1429 968 1542 pleuti
1001 1429 1293 1514 concretione
1341 1429 1568 1540 loquitur,
1618 1431 1742 1540 quod
1774 1433 1961 1516 evenire

112 1597 117 1606 ·
174 1579 300 1667 posse
333 1580 433 1639 cum
465 1556 590 1640 inter
620 1579 772 1640 omnes
805 1563 992 1663 constat,
1028 1566 1122 1639 turn
1155 1573 1337 1666 quoque
1369 1569 1554 1641 serosam
1592 1557 1724 1639 illam·
1749 1560 1960 1644 membra

176 1706 279 1764 nam
302 1681 646 1766 inflammationi
664 1681 799 1792 magis
815 1683 1066 1767 olmoxiam
1082 1707 1191 1792 esse,
1208 1705 1339 1794 qnam
1359 1682 1487 1767 aliam
1508 1669 1754 1790 quamlibet
1769 1673 1961 1770 similem
2082 1695 2110 1720 ‘·
2245 1689 2254 1721 ⁰

179 1807 402 1920 (analogum),
436 1835 550 1918 quae
584 1808 820 1924 celsitatem
853 1810 1041 1893 clausam
1075 1807 1250 1918 formal,
1284 1808 1573 1922 experientia
1607 1809 1843 1924 probatum
1878 1821 1958 1900 cst.

169 1929 314 2016 Certa
348 1935 465 2018 coeli
499 1943 797 2048 temperatura
829 1946 1008 2050 practer
1040 1931 1143 2044 hoc,
1162 1937 1287 2046 quod
1316 1957 1399 2049 per
1434 1935 1773 2046 respirationem
1790 1937 1842 2021 in
1857 1909 1955 2052 pui-

172 2083 330 2143 mones
359 2059 451 2144 vim
483 2087 601 2146 suam
635 2071 865 2169 exerceat,
896 2063 1014 2150 lianc
1048 2085 1231 2172 quoque
1264 2085 1347 2178 per
1375 2059 1647 2176 peculiarem
1680 2070 1728 2146 ct
1755 2079 1961 2174 magnum·

171 2189 401 2292 quendam
432 2187 726 2302 plurimorum
762 2197 849 2272 tam
882 2185 1019 2297 intus,
1053 2209 1186 2300 quam
1219 2198 1355 2273 extra
1387 2195 1542 2303 peetus
1575 2187 1821 2306 positorum
1843 2205 1960 2275 vaso·
2014 2230 2020 2246 ¹

176 2337 291 2418 mm,
326 2339 570 2424 comamque
605 2315 730 2399 inter
759 2339 804 2400 se
836 2311 1041 2400 faucibus
1068 2313 1420 2398 coniunctene
1450 2326 1714 2402 consensum
1732 2319 1787 2401 ali
1806 2327 1962 2402 extera

173 2437 246 2523 nis
261 2443 319 2522 ad
335 2439 534 2525 intentas
540 2451 686 2554 partes
697 2424 1101 2651 traducpffsttque
1117 2439 1742 2556 manifestarepcssevidetur,
1759 2445 1961 2556 pleuram

175 2574 323 2650 autem
364 2579 412 2652 et
443 2567 675 2682 pulmones
707 2566 854 2652 media
908 2593 933 2652 e
967 2569 1050 2651 hac
1083 2567 1130 2650 vi
1155 2568 1411 2682 saepissime
1436 2563 1782 2654 inflammationi
1798 2573 1960 2655 adhae-

169 2691 280 2774 sivee
315 2695 520 2810 ergoosita
554 2719 661 2802 esse,
678 2717 808 2802 quarn
840 2670 976 2776 iuxta
1009 2691 1238 2802 generalia
1265 2695 1567 2808 pathegeniae
1598 2675 1823 2808 principia
1851 2701 1960 2804 tum,

171 2844 262 2928 qua
296 2820 492 2930 sequela,
525 2820 748 2910 abnormis
780 2820 988 2932 plasticae
1021 2818 1237 2936 lymphae
1265 2821 1474 2928 secretio,
1511 2825 1604 2904 turn
1636 2836 1745 2904 vero
1776 2847 1845 2906 ex
1877 2819 1961 2905 -illa‘

171 2944 368 3057 partium
401 2947 590 3062 ipsarum
618 2945 828 3030 cohaesio
858 2941 1000 3052 ¹i'acile
1040 2943 1369 3060 aequipetere.
1408 2945 1534 3032 Haec
1575 2947 1759 3058 quidem
1800 2945 1963 3062 opinio·
2098 3002 2107 3024 .

172 3072 618 3185 experientiae'non
647 3083 885 3188 repugnat.
900 3091 1054 3192 lconis
1076 3091 1173 3178 ηδ.)
1220 3065 1418 3158 mansi
1447 3069 1691 3184 adfirmat,
1741 3097 1805 3158 ex
1853 3091 1961 3157 una‘·

176 3221 369 3309 quaque·
401 3197 451 3283 in
499 3195 758 3283 universum
805 3199 990 3312 pleurae
1033 3197 1084 3279 br
1125 3196 1385 3309 pulmon-um
1417 3197 1770 3284 inflammatione
1786 3203 1964 3312 semper

167 3327 400 3412 ambarum
443 3323 777 3410 concretionem
827 3324 951 3410 oriri.
1000 3321 1150 3406 Huius
1206 3323 1374 3410 indolis
1403 3325 1631 3440 ¹exempla
1679 3329 1800 3440 apud
1848 3326 1962 3410 cele·

173 3451 390 3540 barrimos
446 3451 694 3538 anatomico
708 3501 726 3519 ·
737 3453 1001 3568 pathologos
1050 3449 1194 3533 multa
1250 3445 1600 3565 reperi-uniunt
1633 3444 1748 3540 San.
1806 3447 1960 3539 Coorat

173 3733 210 3819 i')
245 3741 426 3806 Sanamem.
447 3735 475 3806 i.
505 3757 538 3806 c.
565 3740 606 3804 T.
636 3739 682 3804 11.
705 3755 745 3824 Ῥ.
766 3733 850 3804 258.

168 3841 216 3926 g)
245 3843 456 3907 chuannm.
482 3835 734 3926 Noeographie
761 3829 1009 3918 cbirmgicale.
1029 3830 1070 3900 Τ.
1099 3837 1161 3903 nr.
1183 3852 1225 3924 p.
1247 3837 1326 3923 rip

174 3938 223 4026 h)
250 3945 299 4008 Le
322 3947 453 4008 Mona.
480 3941 505 4008 l.
533 3959 564 4006 e.
590 3961 626 4028 p.
641 3955 704 4026 47.
731 3938 809 4004 obe.
840 3947 924 4002 aaa.

175 4045 206 4128 i)
248 4045 366 4110 smne.
396 4041 421 4108 l.
449 4059 480 4110 c.
508 4061 548 4129 p.
566 4043 649 4106 πᾶν.

169 4147 212 4237 0)
241 4148 321 4210 Non
346 4159 490 4234 possum
515 4141 585 4208 huc
607 4160 683 4206 non
707 4137 881 4207 lectorem
894 4137 1044 4206 reficere
1069 4139 1114 4206 ad
1127 4135 1477 4220 commentationem,
1493 4155 1599 4224 qaam
1611 4143 1822 4206 Lcocwrcus
1839 4143 1960 4206 cmi-

237 4267 309 4314 nuu
336 4243 515 4334 (medicus
539 4244 726 4333 primarius
752 4242 948 4308 nosocomii
973 4243 1127 4330 Areazo)
1161 4243 1197 4306 in
1237 4243 1404 4308 societate
1444 4237 1664 4306 Patrarchica
1703 4239 1961 4308 recentioribus

239 4347 457 4436 temporibus
485 4345 560 4435 (die
580 4347 636 4414 rb.
651 4349 722 4411 len.
743 4343 866 4430 1815).
880 4343 1067 4431 praelegit:
1082 4343 1128 4411 de
1154 4343 1390 4410 diseccatione
1407 4358 1502 4407 serra
1540 4345 1682 4430 (sextae
1710 4353 1745 4409 et
1771 4344 1959 4433 septimae)

238 4459 415 4516 costarum
441 4468 483 4516 ac
509 4449 602 4514 ossis
626 4447 732 4515 aterni
760 4454 797 4513 et
820 4447 1003 4512 excisione
1029 4466 1158 4528 ruinas¹
1184 4465 1334 4512 russas
1365 4443 1543 4511 morbose
1559 4443 1730 4528 affectae,
1746 4442 1848 4510 felici
1879 4465 1961 4510 cum

236 4561 368 4619 eventu
394 4549 440 4618 ab
466 4569 512 4620 eo
537 4551 699 4638 peractis.
728 4543 829 4614 eonf.
858 4547 1018 4632 nepesin
1043 4545 1110 4614 der
1134 4543 1425 4614 auslaendischen
1457 4549 1629 4616 Literatm·
1653 4545 1719 4614 der
1742 4553 1961 4632 gesammten

227 4653 440 4721 ·Heilkunde
470 4651 542 4719 und
568 4651 737 4718 Arbeiten
763 4649 827 4716 dec
852 4647 1069 4716 aerztlieben
1095 4652 1255 4718 Vereins·
1274 4668 1318 4714 zu
1345 4649 1532 4734 llambinss.
1571 4655 1743 4732 tlemusg.
1781 4667 1859 4714 von·
1897 4653 1959 4717 Dr.

239 4759 281 4825 G.
309 4761 349 4823 li.
377 4760 515 4826 Gaison
541 4753 613 4820 und
638 4759 700 4822 Dr.
726 4755 772 4821 N.
796 4755 837 4816 Η.
851 4755 983 4818 erus.
1000 4757 1051 4818 8⁰.
1066 4755 1106 4820 T.
1122 4757 1150 4818 1.
1166 4757 1239 4818 Fas.
1258 4755 1279 4816 l.
1298 4773 1332 4838 p.
1356 4753 1422 4818 1¹38
1441 4761 1564 4838 eeseq3
1578 4747 1779 4838 ephemeris
1804 4750 1959 4816 lectione

234 4857 452 4942 digmssimm
481 4857 543 4927 ubi
570 4856 758 4922 occasione
783 4855 1021 4920 enarrationis·
1037 4851 1141 4940 hujus
1164 4855 1281 4937 cases,
1312 4851 1486 4922 collectos
1513 4854 1671 4918 invenies
1710 4871 1854 4940 quoque
1892 4849 1969 4918 illo·

237 4959 385 5046 similes,
414 4958 619 5048 desumptas
647 4977 695 5024 ex
723 4955 945 5043 experientia
971 4959 1103 5024 Gasani
1131 4957 1296 5044 (Messoa.
1321 4959 1407 5022 meri.
1435 4958 1509 5023 Lib.
1540 4957 1584 5022 V.
1614 4958 1695 5042 Gap.
1710 4957 1803 5046 Ι8.--
1819 4955 1868 5018 De
1894 4951 1959 5036 dlf-

233 5059 381 5146 serraliis
408 5065 603 5131 morborum.
633 5063 711 5145 Cap.
741 5057 793 5144 8.)
822 5060 951 5124 Lami
978 5060 1121 5124 Rrvmn
1149 5059 1296 5145 (haeai
1324 5059 1480 5124 Rrvmrn
1498 5055 1616 5144 “Opera
1642 5057 1768 5122 uesica
1792 5057 1958 5122 oniense.

233 5167 387 5232 observat.
415 5169 664 5238 communicatae
691 5183 711 5226 a
738 5159 891 5229 D.'0zie
916 5159 1074 5243 Amano,
1101 5163 1270 5228 observatio
1300 5159 1351 5223 δ’.
1389 5157 1541 5242 Francos.
1562 5156 1625 5243 soi.
1663 5157 1767 5238 1674.
1795 5175 1834 5246 p.
1850 5153 1970 5241 686),-

235 5269 364 5350 Panes,
393 5265 563 5356 (ciceion.
591 5259 656 5330 des
681 5259 840 5334 scicnccc
878 5259 1087 5336 medicata.
1111 5263 1153 5334 τ’.
1180 5263 1314 5336 xtvm
1341 5279 1378 5348 pr
1395 5262 1480 5329 562·
1498 5269 1536 5328 et
1565 5275 1641 5346 seq.
1668 5251 1766 5326 core.
1795 5251 1957 5344 ejusdem

1828 5391 1855 5446 ἢ
1920 5433 1928 5454 .
