4942 6048
1379 397 1480 524 ,13⁶6

1226 657 1230 686 ·
1340 621 1366 738 5
1414 565 1517 736 ndu.

1226 791 1640 859 Pnocnoaru
1731 857 1734 864 .

479 927 482 932 ¹
597 945 912 1058 Emphyscma‚
947 933 1072 1046 quod
1104 931 1161 1014 ad
1193 915 1391 1014 medium
1425 957 1566 1040 usque
1615 929 1780 1018 saeculi
1820 956 1934 1027 xvm
1983 928 2323 1020 scarificationi·

532 1075 615 1158 bus
649 1071 810 1154 frustra
834 1059 1075 1168 adhibitis,
1107 1084 1190 1172 pro
1206 1057 1408 1144 absolute
1426 1059 1585 1142 lethali
1604 1059 1878 1168 habebatur,
1911 1083 2002 1146 ann
2035 1085 2084 1144 sn
2116 1088 2212 1145 non
2232 1073 2318 1146 tam

532 1197 831 1316 periculosum
866 1201 946 1276 est.
978 1185 1194 1274 Attamen
1225 1185 1465 1268 vulnerum
1499 1184 1691 1298 pectoris
1724 1187 2063 1305 penetrantium
2086 1189 2319 1304 complica·

535 1329 728 1431 tionem,
762 1321 894 1406 valde
929 1311 1452 1419 incommodamrreddiu
1485 1309 1584 1396 i'ons
1618 1312 1740 1396 enim
1774 1313 1889 1420 eius,
1921 1313 2146 1428 pulmonis
2163 1315 2318 1423 laesio,

532 1457 608 1538 hic
641 1479 738 1534 non
771 1472 871 1531 raro
904 1445 1065 1526 malum
1083 1436 1263 1526 exitum
1278 1449 1417 1552 parat.
1432 1437 1587 1522 Timor
1621 1449 1771 1524 atatem
1805 1428 1978 1551 aegroti
2011 1441 2154 1526 multo
2193 1469 2319 1556 supe·

533 1592 603 1668 rat
637 1604 792 1664 verum
824 1571 1092 1687 periculum,
1127 1566 1252 1650 cuius
1300 1589 1454 1672 nano,
1489 1565 1633 1686 sicuti
1662 1592 1689 1652 c
1746 1567 2115 1682 symptomatibus
2143 1589 2182 1676 (ς
2216 1591 2319 1676 158.)

531 1707 690 1792 videre
724 1703 850 1810 licet,
881 1693 1052 1813 pendet
1084 1691 1432 1806 arespirationis
1458 1691 1855 1804 circulationisque
1880 1693 2107 1806 sanguinis
2124 1693 2318 1780 iunctio·

532 1835 672 1918 nibus·
714 1825 1002 1944 perturbatis,
1050 1819 1265 1930 nimirum
1296 1846 1322 1903 a
1355 1843 1698 1906 sennocanronn.
1730 1819 1925 1906 Tantum
1959 1847 2066 1906 vero
2100 1821 2240 1929 abest,
2263 1833 2317 1904 ut

531 1962 648 2046 ratio
700 1953 895 2072 periculi
945 1972 1119 2064 semper
1166 1971 1397 2036 nassucsu
1430 1970 1686 2032 unonaruco
1711 1948 1868 2051 ¹solum
1917 1945 2309 2070 (quemadmodum
2413 1989 2420 2002 ·

529 2095 637 2173 'ante
674 2078 886 2200 vidimus)
909 2077 1160 2193 proveniat,
1179 2084 1231 2157 ut
1246 2073 1409 2200 potius,
1431 2076 1623 2158 durante
1640 2097 1722 2186 per
1744 2074 1921 2184 longius
1940 2085 2114 2188 tempus
2132 2077 2317 2190 emphy-

517 2223 710 2320 scmate,
743 2209 861 2293 illud
894 2229 1075 2316 quoque
1108 2225 1332 2286 nesracru
1365 2223 1932 2288 cannaco-mommanco
1980 2199 2195 2287 effectum
2251 2229 2318 2286 su·

532 2369 606 2425 um
641 2335 892 2424 nociferum
926 2331 976 2414 in
1014 2339 1155 2414 totum
1190 2353 1349 2442 corpus
1381 2351 1603 2412 exercere
1635 2326 1784 2441 possit.
1827 2327 2010 2443 Quippe
2058 2327 2313 2414 mechanici

531 2463 784 2576 illius,·qui
818 2489 881 2548 ex
915 2463 1018 2542 ae're
1052 2461 1335 2558 extravasato
1357 2454 1566 2566 procedit
1598 2452 1805 2561 effectus,
1836 2455 1963 2539 nulia
1997 2455 2174 2540 ratione
2191 2456 2314 2538 habi·

534 2605 592 2703 ta,
625 2592 675 2677 id
708 2613 889 2702 quoque
906 2583 1228 2669 detrimentum
1246 2577 1410 2664 afferre
1443 2605 1567 2694 posse
1601 2575 1832 2690 existimo,
1850 2586 1974 2692 quod
2006 2581 2145 2668 esuis
2161 2581 2314 2667 solem·

531 2723 666 2806 nibus
699 2717 783 2802 viis
824 2732 1021 2824 egressus
1051 2713 1130 2793 adr
1161 2705 1430 2820 decomponi
1463 2709 1507 2791 dr
1540 2733 1670 2793 sensu
1704 2735 1885 2819 quoque
1904 2709 2314 2821 chemico·bio-dy·

530 2845 705 2932 namico
754 2844 934 2927 laedere
984 2837 1142 2924 valeat.
1193 2831 1251 2920 In
1291 2860 1391 2918 casu
1434 2837 1641 2944 quodam,
1681 2861 1814 2944 quem
1856 2836 2108 2924 observavit
2141 2836 2311 2920 Lunna

532 2997 614 3081 (vsa.
635 2995 653 3081 a
674 2991 762 3078 εδδ)
794 2969 935 3084 prima
967 2964 1114 3050 statim
1161 2961 1459 3046 musculorum
1509 2960 1861 3046 intercostalium
1911 2965 2187 3078 plenraeque
2245 2962 2312 3046 in·

531 3100 701 3185 cisione
735 3095 867 3204 iacta,
901 3093 1163 3206 erumpebat
1194 3091 1272 3172 aiir
1303 3113 1414 3172 mam
1453 3115 1621 3173 ononis.
1680 3089 1872 3174 Gnaous
1904 3089 2096 3204 periculi
2146 3089 2312 3174 ceteris

475 3325 478 3334 ι
529 3225 709 3342 paribus
761 3234 884 3308 recta
935 3208 1111 3303 ratione
1162 3243 1262 3299 cum
1301 3213 1426 3300 'airis
1474 3213 1605 3302 aiiusi
1655 3216 1912 3324 quantitate
1957 3227 2006 3302 et
2054 3244 2154 3300 oum
2206 3227 2311 3302 tem·

500 3378 656 3470 pore,
706 3377 788 3465 per
837 3349 960 3459 quod
994 3343 1136 3429 haesit
1169 3343 1249 3426 ille
1282 3343 1333 3426 in
1366 3351 1567 3455 pectore,
1599 3349 1736 3450 atque
1771 3341 1819 3425 in
1849 3345 1954 3429 tella
1988 3344 2196 3428 cellulosa
2232 3369 2314 3427 ex·
2445 3433 2446 3440 Ν

534 3493 688 3564 ternae
738 3473 935 3592 corporis
975 3467 1265 3586 superficiei,
1312 3467 1598 3584 procedit-
1613 3467 1837 3581 Respecto
1885 3496 2030 3555 noams
2080 3472 2313 3585 emphyse·

531 3633 600 3690 ma
635 3603 776 3687 multo
808 3599 1112 3716 periculosius¹
1150 3594 1334 3704 evadit,
1385 3597 1509 3705 quod
1557 3621 1621 3680 ex
1671 3595 1926 3682 immediata
1982 3597 2151 3682 viarum
2200 3595 2314 3682 adri·

530 3759 654 3814 arum
705 3726 1108 3814 communicatione
1148 3750 1248 3808 cum
1285 3721 1391 3808 tella
1425 3721 1634 3805 celiniosa
1665 3723 1887 3835 procedit,
1922 3753 2054 3835 qsram
2088 3727 2212 3836 quod
2244 3751 2313 3810 ex
2443 3706 2444 3723 Ν

531 3862 635 3942 aire
684 3884 765 3972 per
799 3856 960 3938 vulnus
1003 3863 1247 3937 externum
1281 3848 1478 3958 ingresso
1512 3857 1658 3930 ortum
1696 3850 2166 3938 trahit—Periculum
2200 3854 2314 3936 mul·

500 3996 630 4096 ,tum
682 4011 707 4068 a
749 3981 885 4067 causis
937 3976 1286 4084 occasionalibus
1320 3973 1663 4088 emphysematis
1716 3979 1962 4090 dependet,
2009 4005 2126 4091 quae
2159 4005 2313 4064 occur·
2441 3979 2442 4005 *

509 4119 642 4194 ‘runt
676 4109 725 4194 in
758 4107 1022 4192 vulneribus
1055 4104 1249 4218 pectoris
1296 4099 1652 4215 penetrantibus.
1686 4099 1810 4186 Hinc
1844 4107 1993 4214 quoad
2025 4132 2207 4192 causam
2239 4137 2315 4194 oc·

532 4260 814 4322 canonican
847 4235 1146 4348 emphysema,
1163 4236 1262 4343 post
1278 4231 1466 4313 vulnera
1500 4227 1760 4341 sciopetaria
1787 4243 2015 4340 exortum,
2040 4235 2315 4346 plerumque
2439 4260 2440 4289 ¹

530 4367 676 4448 minus
709 4363 1006 4476 periculosum
1055 4356 1232 4466 existit,
1274 4381 1404 4465 quam
1438 4359 1561 4464 quod
1590 4364 1757 4468 puncta
1793 4358 1919 4468 sequi
1954 4361 2080 4447 solet.
2114 4359 2173 4446 In
2207 4391 2316 4450 casu

533 4489 652 4574 enim
686 4489 827 4604 priori
859 4489 1024 4570 vulnus
1057 4484 1315 4597 pulmonum
1335 4484 1394 4565 ob
1413 4507 1573 4591 causas,
1597 4509 1704 4591 quas
1726 4482 1777 4567 in
1793 4493 2018 4598 posterum
2036 4487 2315 4600 videbimus,
2436 4589 2437 4594 Ν

482 4661 487 4671 -
531 4613 723 4723 iaciiius,
758 4641 888 4725 quam
922 4614 972 4696 in
1005 4613 1164 4715 altero,
1194 4617 1391 4716 sanatur,
1425 4612 1549 4692 unde
1582 4609 1768 4694 maiores
1801 4636 1983 4723 quoque
2008 4617 2319 4728 emphysema·

533 4743 588 4828 tis
622 4734 871 4856 progressus
906 4738 1225 4852 reprimuntur.
1260 4733 1431 4821 Contra
1466 4760 1574 4818 vero
1623 4745 1791 4850 puncta
1846 4738 1993 4846 minus
2042 4744 2317 4857 periculosa,

532 4895 662 4982 quam
681 4896 784 4980 quoe
804 4867 942 4949 trahit
960 4891 1105 4950 secum
1124 4873 1339 4947 costarum
1366 4859 1560 4944 fractura
1595 4881 1651 4968 (ss
1683 4883 1872 4972 ras-126.)
1906 4894 2022 4976 quae
2057 4871 2177 4954 enim
2216 4886 2319 4962 tum

532 4998 791 5112 pulmonum
841 4991 1080 5076 laesionem
1121 4987 1268 5074 ei'i'icit
1301 4987 1527 5094 maiorem,
1563 4997 1654 5072 tum
1689 5009 1871 5100 quoque
1906 4993 2125 5080 continuo
2158 4997 2323 5090 irritat

425 5223 443 5250 Ὗ
488 5159 491 5166 2
529 5133 678 5238 partes
712 5113 1116 5204 internas-Inter
1148 5141 1219 5202 eas
1250 5112 1596 5230 emphysematis
1628 5117 1841 5227 sequelae,
1863 5148 1978 5231 qraae
2012 5127 2221 5211 damnem
2267 5133 2321 5218 in

532 5259 759 5364 posterum
798 5247 1028 5330 minantur
1059 5263 1378 5330 succursum
1409 5265 1591 5327 rancun
1624 5263 1912 5332 cacuunosau
1944 5277 2210 5342 nnmxano
2246 5259 2323 5344 in.
