4942 6048
1233 424 1520 528 ,92'

507 647 760 764 periments
811 655 1084 756 monstrant,
1115 641 1309 734 effusum
1342 645 1473 731 illum
1504 646 1767 757 sanguinem
1799 645 1953 762 asperi
1985 645 2168 756 arterit,
2200 645 2305 734 alvo

509 786 559 860 et
591 801 682 857 una
715 799 817 859 cum
850 774 984 858 urini
1000 785 1240 860 excretum
1273 768 1460 863 fuisses).
1484 797 1632 887 (cmm.
1660 795 1744 864 trt-
1761 794 1809 864 V.
1850 797 1888 862 rte
1915 795 1994 864 ucu
2019 767 2219 884 affectui)

1401 932 1474 1015 91.

576 1028 679 1132 Qvu
712 1029 896 1140 quidem
931 1031 981 1114 in
1014 1057 1065 1115 re
1097 1029 1318 1116 indicium
1335 905 1529 1118 Snaturas
1555 1037 1840 1140 sequuturos,
1872 1038 2023 1144 potest
2055 1029 2300 1114 curativum

509 1157 835 1242 indicationem
868 1184 997 1270 supra
1032 1181 1069 1266 (s
1098 1183 1144 1265 89
1179 1179 1224 1268 ι).
1244 1161 1434 1268 allatam,
1468 1159 1673 1243 adhibiti
1704 1158 2047 1244 nosocomos
2062 1181 2298 1266 massono,

510 1284 706 1394 exequi,
739 1285 1017 1368 activitatem
1050 1308 1213 1397 nempe
1246 1287 1464 1394 ejusmodi
1498 1284 1864 1372 excretoriorum
1897 1310 2182 1394 organorum,
2216 1309 2299 1397 per

507 1412 708 1498 remedia
740 1416 963 1521 augendo,
997 1439 1101 1521 quoe
1134 1416 1192 1496 ad
1209 1413 1321 1499 haec
1338 1424 1589 1528 systemata,
1625 1423 1833 1521 tanquam
1868 1411 2077 1526 specifica
2095 1410 2297 1496 referun-

512 1547 601 1626 tur.
635 1538 768 1623 Inter
799 1537 999 1625 classicos
1016 1539 1268 1652 scriptores,
1287 1541 1366 1652 qui
1401 1543 1503 1626 laesa
1520 1538 1715 1654 pectoris
1748 1537 1958 1645 cavitate,
1975 1535 2296 1624 extravasatio-

507 1691 612 1752 nem
665 1665 923 1773 tollendam,
973 1665 1249 1750 resorbtioni
1314 1667 1576 1780 relinquere
1617 1663 1831 1776 gestiunt,
1871 1663 2099 1776 sanguinis
2146 1675 2296 1749 autem

507 1790 808 1877 immediatam
841 1792 1111 1877 amotionem
1141 1793 1252 1878 artis
1283 1821 1368 1909 ope
1402 1795 1453 1881 in
1485 1797 1574 1880 hoc
1606 1819 1706 1878 casu
1741 1793 1968 1904 inutilem,
1985 1819 2035 1875 ac
2059 1791 2111 1876 in
2144 1791 2297 1878 multis

506 1919 607 2005 aliIs
638 1917 932 2040 periculosam
963 1919 1244 2028 existimant,
1262 1924 1453 2037 primum
1471 1923 1618 2008 locum
1634 1918 1817 2007 obtinet
1835 1911 2040 2008 Susur').
2056 1918 2144 2005 Ille
2162 1943 2295 2030 aeqrse

506 2073 559 2130 ac
590 2043 811 2133 Ancaeus
838 2066 1025 2152 (Annuus
1042 2069 1094 2135 De
1118 2081 1207 2136 nera
1232 2073 1369 2136 curans.
1395 2075 1485 2138 curn.
1509 2043 1692 2156 scurror)
1703 2112 1719 2157 ,
1734 2073 1907 2162 semper
1937 2047 2097 2162 primae
2139 2046 2294 2134 tatium

505 2173 746 2258 vulnerum
779 2171 1031 2259 intensioni
1080 2174 1289 2260 insistens
1338 2187 1387 2260 et
1433 2175 1671 2290 nuperime
1704 2169 1939 2261 Asssnrm‘)
1973 2177 2090 2260 hanc
2123 2173 2292 2284 cuique

506 2297 724 2386 medendi
755 2298 923 2384 rationi
956 2310 1246 2416 praeponunt,
1279 2315 1593 2410 asseverantes,
1626 2303 1677 2388 in
1710 2301 1905 2416 pectoris
1923 2301 2157 2391 cavitatem
2176 2300 2291 2386 eiiu-

505 2453 617 2536 sum,
651 2426 812 2538 ibique
844 2427 1122 2537 coagulatum
1157 2417 1428 2538 sanguinem
1453 2430 1583 2515 simul
1616 2429 1727 2515 vasis
1760 2425 2003 2548 orificium,
2037 2455 2175 2541 equo
2192 2455 2322 2545 pro·-
2403 2414 2415 2448 ¹

440 2596 442 2605 ·
503 2551 630 2665 fluit,
662 2555 894 2640 obstruere
928 2563 976 2640 et
1007 2555 1070 2683 sic
1102 2555 1468 2668 haemorrhagiam
1501 2555 1668 2672 optime
1703 2551 1760 2676 (i)
1793 2556 1963 2642 sistere.

1385 2707 1390 2718 ’
1429 2711 1469 2770 2.

566 2827 799 2936 Remedia,
832 2855 937 2941 quae
969 2833 1026 2916 ad
1058 2683 1351 2916 activitatemS
1367 2711 1618 2944 sistematis
1649 2857 1852 2918 vasorum
1892 2827 2289 2946 lymphaticomm,

388 3063 392 3070 Α
502 2955 675 3041 viarum
710 2957 1029 3042 anniferorum
1065 2966 1113 3043 et
1145 2957 1418 3042 intestinalis
1454 2957 1554 3043 tubi
1586 2963 1849 3070 augendam,
1884 2971 2023 3070 atque
2055 2963 2113 3045 arl
2145 2957 2289 3044 effici·

502 3089 663 3170 endam
696 3087 783 3171 hoc
815 3090 947 3170 modo
982 3086 1255 3171 extravasati
1289 3086 1603 3172 excretionem
1636 3087 1848 3202 proxime
1881 3087 2161 3196 inserviunt,
2192 3111 2288 3200 par·
2324 3157 2334 3170 .

508 3211 587 3297 tim
604 3212 806 3322 ,quidem
840 3223 945 3298 sunt
977 3209 1060 3332 (A)
1095 3237 1376 3322 cassatum,
1409 3207 1572 3328 partim
1604 3238 1713 3300 vero
1747 3213 1824 3336 (B)
1857 3239 2036 3301 nomos.

565 3375 625 3464 A.
659 3379 934 3464 Genusium
967 3372 1195 3464 nunaunt.

572 3557 617 3630 1⁰
648 3542 976 3634 Vnssnsscmo.
995 3547 1064 3627 De
1099 3545 1447 3654 veuaesectione,
1465 3546 1554 3658 quai
1588 3519 1790 3634 remedio
1805 3544 2175 3662 antiphlogisti'oo
2194 3541 2285 3630 alio

502 3673 602 3756 loco
643 3671 910 3756 videbimus.
949 3670 1041 3755 Hic
1075 3675 1227 3778 modo,
1266 3671 1317 3754 in
1360 3686 1577 3782 quantum
1611 3675 1701 3760 vim
1750 3680 1808 3760 ad
1856 3675 2131 3760 activitatcm
2173 3675 2285 3786 lym·

500 3799 671 3916 phatici
706 3797 955 3912 systematis
986 3804 1235 3910 augendam
1267 3801 1430 3884 habeat
1449 3799 1785 3888 consideranda.
1819 3801 1959 3887 Nimis
1975 3829 2147 3913 ¹magna
2181 3825 2284 3884 Pnu-

500 3955 654 4012 ‘I'IIORA
688 3926 878 4042 impedit
910 3927 1250 4020 resorbtionem.
1284 3947 1462 4035 (Bursao.
1502 3949 1742 4038 Physiotogr'cct
1781 3952 1993 4034 observatiam
2031 3973 2073 4016 on
2104 3951 2155 4016 tte
2181 3951 2282 4014 osser·

407 4063 413 4072 ’
496 4061 565 4126 tent
591 4073 708 4146 spsrem
734 4054 773 4140 of
793 4056 914 4124 vessels.
947 4058 1054 4141 1787.
1083 4063 1116 4120 r'n
1144 4055 1305 4144 (footing.
1328 4055 1492 4144 grictam
1518 4055 1696 4146 Armiger.
1740 4055 1816 4124 Far.
1850 4057 1909 4123 85.
1956 4059 2112 4146 1787.p.
2143 4059 2214 4141 889
2228 4043 2279 4142 )⁸¹)

501 4157 653 4261 Quum
686 4156 806 4244 enim
842 4180 1011 4264 eorum,
1045 4155 1124 4266 qui
1174 4153 1395 4241 resorberi
1444 4155 1616 4239 debent
1664 4155 1892 4266 liquorum
1941 4157 2066 4271 copia
2100 4161 2157 4241 art
2190 4183 2282 4244 rec·

498 4327 540 4414 q)
564 4329 725 4516 (Sumam.
741 4347 773 4394 1..
800 4345 830 4394 c.
857 4344 895 4413 p.
912 4327 997 4392 651.
1024 4319 1197 4411 Apendic.
1225 4323 1302 4391 obs.
1331 4325 1453 4390 XCIII.
1480 4320 1606 4389 etcbu
1627 4325 1743 4388 xtvl.
1762 4344 1799 4412 p.
1820 4327 2086 4393 asu-mm.
2101 4345 2132 4392 ι.
2147 4345 2178 4392 e.
2193 4327 2232 4396 T.
2250 4328 2279 4392 1.

589 4431 698 4516 ιω)
725 4448 760 4516 p.
778 4431 862 4494 sss.
1398 4479 1408 4492 .

497 4532 535 4621 ⁴¹)
562 4535 658 4596 Hauc
684 4532 916 4618 posteriorem
941 4529 1016 4594 virn
1042 4539 1183 4596 veteres
1210 4525 1395 4614 (Eumeis)
1421 4544 1525 4592 venae
1553 4545 1709 4615 azygeos
1737 4527 1945 4596 tribuebant
1974 4527 2077 4598 coni.
2093 4531 2280 4598 senum.

560 4635 609 4698 Le
639 4629 840 4719 chirurgieu
866 4629 1051 4720 d’htpiral.
1080 4647 1121 4709 4⁸
1142 4631 1267 4698 Editio.
1298 4635 1337 4694 8⁰
1359 4622 1559 4718 ttmstetodf
1596 4653 1701 4716 ¹7⁰7·
1727 4633 1840 4722 p.96.
1867 4639 2068 4704 -Hattnm
2106 4627 2278 4702 Elemeut.

549 4732 718 4822 'Physiot
747 4757 778 4801 ι..
808 4755 840 4802 c.
866 4739 906 4802 T.
936 4739 997 4800 111.
1028 4737 1118 4802 Soet.
1148 4738 1174 4800 I.
1205 4736 1222 4820 §
1251 4735 1375 4796 XXVI.
1402 4751 1439 4820 p.
1461 4753 1541 4798 rra.

495 4837 529 4927 r)
559 4840 678 4906 Surus.
707 4839 824 4906 matrs
852 4835 917 4904 des
944 4841 1148 4926 operatione
1175 4835 1221 4904 de
1249 4832 1437 4920 chirurgio.
1464 4833 1570 4902 Trad.
1604 4833 1652 4904 de
1679 4835 1800 4930 l’angl.
1841 4859 1907 4931 por
1933 4845 2045 4910 uum.
2077 4845 2131 4910 8⁰.
2171 4841 2282 4910 earu

485 5025 489 5032 Ι
561 4963 667 5024 ¹74¹·
696 4945 779 5030 Cap.
809 4943 932 5008 XXIV.
960 4961 993 5028 p.
1015 4943 1150 5022 astet
1175 4959 1250 5028 seq.
1613 4941 1623 4952 '

496 5043 529 5133 s)
560 5046 738 5112 Srumcsr.
767 5041 981 5115 Geschichte
1007 5043 1072 5110 der
1097 5037 1185 5108 chir.
1214 5039 1414 5131 operation.
1443 5061 1472 5108 r.
1501 5060 1532 5107 c.
1560 5061 1595 5128 p.
1612 5045 1697 5132 578.

495 5147 525 5236 t)
555 5149 725 5216 Amatur.
754 5169 788 5216 1.-
813 5167 842 5214 ο.
871 5168 906 5237 p.
923 5149 1158 5232 'yolus-st.
1552 5219 1555 5226 ,

496 5251 536 5340 ι)
564 5253 621 5318 W.
649 5257 867 5322 excussus
883 5259 919 5322 et
940 5251 975 5318 P.
1003 5253 1180 5319 tusciam
1206 5267 1235 5316 r.
1263 5267 1294 5315 c.
1321 5250 1362 5315 Τ.
1392 5253 1436 5316 II.
1464 5247 1692 5322 Addiu'onum
1704 5273 1741 5344 p.
1763 5254 1849 5322 sss.

2462 1183 2464 1298 i
