4942 6048
1372 413 1435 500 sa

1224 641 1227 649 ’
1332 639 1473 753 §sa

1100 789 1761 854 venenosas.-

574 932 804 1018 Arteriam
836 927 1170 1012 intercostalem
1202 927 1346 1010 laesam
1381 952 1487 1033 esse,
1509 937 1617 1010 tum
1651 954 1715 1012 ex
1732 925 1787 1012 iis
1804 923 1940 1036 signis
1964 924 2178 1037 colligere
2202 953 2299 1040 pos·

513 1087 674 1167 sumus,
691 1087 812 1170 ,quae
831 1083 873 1140 e
906 1049 1101 1168 sequelis
1129 1055 1316 1170 jacturae
1349 1053 1552 1138 arteriosi
1587 1053 1812 1164 sanguinis
1838 1053 2069 1137 laesionem
2097 1055 2294 1164 arteriae,

512 1186 689 1272 maioris
722 1181 1115 1292 considerationis,¹
1139 1181 1362 1265 indicent:
1399 1181 1501 1264 talia
1545 1191 1650 1265 sunt
1700 1209 1742 1267 v.
1792 1207 1829 1266 c.
1879 1180 2141 1266 universalis
2175 1209 2296 1292 quae·

512 1321 612 1400 clam
646 1313 871 1419 debilitas,
905 1311 1053 1396 subito
1087 1335 1247 1421 corpus
1295 1307 1527 1415 invadens,
1560 1310 1769 1392 abnorma
1803 1317 2099 1392 externorum
2149 1334 2298 1394 sensu·

511 1469 588 1524 um
623 1445 667 1526 br
707 1439 869 1522 virium
902 1437 1038 1519 animi
1072 1437 1380 1550 phaenomena,
1431 1445 1497 1519 ut:
1549 1435 1723 1520 aurium
1774 1434 1984 1540 tintillus,
2033 1434 2295 1520 scintillatio

514 1579 619 1653 ante
653 1567 818 1674 oculos,
852 1563 1103 1674 deliquium
1136 1562 1289 1668 animi,
1323 1563 1478 1672 frigor,
1511 1562 1670 1648 viscidi
1704 1566 1885 1648 sudores
1925 1565 2011 1669 &03
2050 1563 2203 1676 pulsirs
2235 1559 2297 1642 vi·-

412 1707 417 1720 '
515 1693 813 1798 cissitudines,
848 1693 927 1802 qui
962 1690 1215 1799 languidus,
1250 1689 1426 1797 debilis,
1443 1716 1615 1802 parvus,
1634 1689 1955 1796 intermittens,
1972 1715 2088 1805 saepe
2107 1690 2240 1774 etiam
2259 1685 2299 1772 si

515 1820 678 1906 arteria
712 1819 844 1904 nimis
878 1819 1183 1924 contrahatur,
1204 1815 1496 1930 spasmodicus
1530 1819 1574 1902 oz
1608 1819 1828 1900 subdurus
1862 1815 2088 1924 i'it3-tum
2122 1843 2230 1900 vero
2248 1814 2298 1897 il·

514 1951 600 2032 lam
634 1947 861 2032 laesionem
899 1971 964 2030 ex
998 1944 1070 2030 his
1100 1943 1296 2028 maxime
1330 1941 1646 2052 cognoscimus3
1694 1969 1875 2056 nempe:⁴
1919 1945 2108 2027 vulnere
2142 1945 2299 2028 solum·

391 2129 397 2144 ·
519 2080 651 2160 modo
685 2076 885 2187 pleuram
918 2081 1204 2186 penetrante,
1238 2071 1405 2155 viscera
1437 2097 1546 2154 vero
1578 2069 1773 2183 pectoris
1806 2069 2007 2154 cavitatis
2039 2097 2132 2153 non
2165 2069 2299 2154 attin·

521 2211 673 2312 gente,
710 2211 817 2284 tunc
852 2209 975 2283 certe
1008 2197 1171 2280 arteria
1207 2196 1503 2281 intercostalis
1536 2207 1602 2282 est
1643 2197 1827 2281 unicum
1862 2223 1948 2305 vas,
1999 2199 2131 2304 cujus
2173 2195 2299 2280 laesio

515 2351 713 2412 ursorum
746 2351 962 2412 sauocnur
994 2347 1242 2409 sauronam
1276 2349 1422 2407 secum
1459 2326 1635 2408 trahere
1668 2335 1827 2437 potest.
1864 2321 2065 2434 Sanguis,
2095 2321 2301 2440 inprimis

515 2453 700 2544 laesione
734 2458 792 2538 ad
823 2450 1042 2561 originem
1075 2450 1255 2534 arteriae
1288 2448 1419 2555 lacti,
1453 2452 1745 2534 vehementer
1778 2461 1826 2536 et
1858 2451 2071 2535 celeriter
2087 2447 2301 2562 erumpit,

520 2590 606 2662 tam
642 2590 840 2694 tempore
872 2576 1191 2690 inspirationis,
1225 2603 1355 2687 quam
1389 2577 1722 2690 exspirationis,
1756 2577 1851 2662 sine
1885 2577 2032 2686 sibilo,
2067 2577 2240 2662 iteratis
2272 2597 2299 2658 e

520 2707 726 2826 uulnere·¹
745 2716 953 2794 extremo
986 2703 1186 2810 saltibus,
1220 2704 1318 2788 sine
1352 2729 1518 2816 spuma,
1570 2704 1742 2818 impari,
1776 2709 1928 2815 quoad·
1960 2709 2145 2818 tempus,
2189 2729 2300 2788 uan-

517 2855 706 2920 uorrrsr
740 2843 789 2922 et
836 2835 1002 2942 absque
1036 2829 1219 2916 indiciis
1252 2855 1543 2918 sauooruaam
1567 2853 1990 2918 exruauasanroms
2025 2852 2110 2940 (aaa
2134 2848 2300 2936 aursus).

519 2958 718 3071 Sanguis.
741 2986 866 3066 vero,
903 2960 1207 3042 tantummodo
1241 2956 1296 3040 in·
1325 2957 1598 3070 exspirando
1632 2939 1855 3071 spumosus
1889 2985 1987 3042 cum
2006 2958 2137 3043 sibilo
2162 2955 2301 3044 evral-

487 3115 630 3173 ·nerc
664 3085 907 3195 areunae
941 3085 1054 3172 laesis
1085 3083 1372 3198 pulmonibus
1405 3081 1581 3190 eil'luat,
1616 3111 1793 3174 necesse
1827 3097 1907 3172 est.
1943 3085 2043 3187 Qua
2077 3091 2134 3170 de
2162 3111 2210 3168 re
2228 3088 2299 3169 ad·

517 3217 610 3302 huc
645 3215 811 3302 certius
842 3239 923 3298 nos
956 3211 1228 3297 convincere
1262 3237 1509 3322 possumus,
1535 3209 1572 3296 si
1604 3223 1797 3320 aegrotus
1830 3212 1959 3298 s'unul
1991 3239 2073 3324 per
2106 3235 2300 3325 asperam

459 3361 467 3370 ’
521 3341 735 3428 arteriam
763 3365 1011 3453 spumosum
1043 3339 1303 3447 sanguinem
1338 3337 1745 3446 emittat.-Digito
1778 3339 1959 3424 uulneri
1992 3339 2165 3424 immiso
2183 3361 2298 3450 saepe

521 3467 740 3552 distincte
773 3463 932 3554 sentiri
966 3473 1112 3577 potest
1144 3466 1282 3570 iocus,
1317 3491 1408 3574 quo
1441 3466 1595 3552 laesum
1628 3492 1701 3548 vas
1724 3464 1950 3574 sanguinis
1967 3465 2138 3550 radium
2157 3462 2301 3572 ejicit3

521 3597 673 3678 charta
706 3592 896 3701 lusoria,¹
917 3618 959 3677 v.
993 3594 1105 3684 c.,ad
1128 3593 1335 3676 cannulae
1369 3587 1557 3676 formam.
1585 3593 1839 3700 convoluta,
1872 3591 2059 3702 oblique
2092 3619 2174 3706 per
2207 3589 2302 3674 vul·

520 3747 605 3804 nus
638 3729 884 3808 externum
918 3717 1019 3804 satis
1050 3715 1277 3830 profunde
1294 3743 1464 3804 elusum
1486 3743 1647 3802 versus.
1669 3717 1720 3800 in
1748 3720 1946 3832 pectoris
1980 3719 2215 3804 cavitatem
2250 3717 2303 3800 il·

521 3847 624 3954 lata,
658 3845 846 3956 sanguis,
880 3856 1136 3932 extrorsum
1168 3843 1319 3934 fluens
1351 3869 1495 3934 socna
1528 3844 1648 3928 illam
1682 3845 1861 3928 arteriae
1895 3845 2193 3952 intercostalis
2226 3845 2300 3926 lae·

521 3973 690 4060 sionem
724 3973 926 4064 indicare
946 3981 1118 4085 potest.
1154 3969 1417 4060 sinautem
1451 3996 1587 4060 rurus
1621 3971 1844 4078 ejusmodi.
1888 3973 2084 4058 canalem
2133 3997 2300 4088 proma·

520 4110 615 4208 nat,
648 4126 674 4185 e
706 4100 900 4214 pectoris
934 4098 1125 4190 cavitate
1159 4099 1288 4186 illum
1322 4098 1469 4186 emitti
1503 4097 1733 4186 discimus„
1757 4097 1986 4186 Praeterea
2011 4099 2211 4184 vulneris
2228 4124 2300 4181 an·

522 4227 626 4338 gulo
659 4227 896 4341 posteriori
930 4227 1052 4309 intus
1084 4221 1278 4310 firmiter
1310 4229 1367 4308 ad
1400 4232 1560 4307 costam
1594 4251 1755 4336 presso,
1790 4236 1927 4310 cessat
1952 4225 2298 4336 'haemorrhagia

521 4379 626 4464 quse
659 4359 716 4442 de
749 4380 868 4436 novo
901 4353 1080 4466 incipit,
1111 4379 1245 4461 quam
1293 4351 1483 4464 primum
1520 4350 1696 4434 tollitur
1744 4354 2033 4440 obstaculum.
2085 4353 2299 4462 Denique

521 4479 645 4564 laesio
694 4479 772 4565 illa
804 4480 1035 4564 luculenta
1083 4477 1156 4588 fit,
1196 4503 1295 4560 cum
1330 4486 1619 4592 symptomata
1668 4479 1924 4588 sanguineae
1974 4478 2300 4567 extravationis

523 4625 1074 4712 (aldemanus)cnattu1rsstt
1113 4615 1320 4696 arescunt
1354 4609 1398 4690 br
1429 4603 1558 4694 simul
1600 4615 1793 4716 aegrotus
1825 4605 2008 4694 nullum.
2032 4636 2115 4722 per
2150 4606 2298 4694 tussim

518 4729 779 4841 sanguinem
812 4727 998 4842 ejiciet,

585 4981 904 5102 Saepenumero
937 4985 1131 5074 dillicile
1165 5000 1231 5076 est
1263 4988 1374 5074 vasis
1407 4985 1668 5094 hujusmodi
1694 4986 1941 5074 laesionem'
1955 5015 2037 5103 per
2062 4989 2303 5100 diagnosti-

520 5121 748 5244 ffiran.
776 5151 1075 5242 anfangsgrande
1102 5154 1166 5222 der
1198 5151 1564 5242 Wundarzneylrunst
1594 5175 1623 5221 1.
1667 5173 1696 5219 c.
1728 5175 1764 5244 p.
1782 5159 1864 5223 580.
1907 5156 1926 5243 ς
1966 5160 2051 5224 505.
2092 5153 2302 5248 eujusmodi

584 5257 790 5350 exemplum
813 5256 899 5330 vide
925 5261 1121 5348 Gnoscm,
1149 5258 1186 5325 in
1211 5262 1378 5328 churaar
1405 5255 1494 5328 Bibl.
1525 5255 1677 5344 chirurg.
1706 5261 1806 5326 Tom.
1835 5259 1909 5324 vu.
1937 5279 1973 5348 p.
2004 5263 2087 5348 695.
2121 5261 2128 5272 '
