4942 6048
1382 443 1469 546 134

527 691 769 790 compressa
800 653 916 775 edis,
946 659 1148 774 denique
1181 665 1405 778 partibus,
1439 697 1546 781 quas
1578 683 1769 786 occupat
1799 671 2014 787 ponderis
2031 699 2205 762 sensum
2221 702 2319 761 non

530 801 705 888 tribuit.
738 797 863 883 Talia
895 791 1019 904 signa
1052 791 1398 905 pathoguomica
1448 806 1496 884 et
1537 798 1741 916 inprimis
1790 802 2001 918 strepitus
2051 802 2174 888 inter
2224 803 2321 910 illa,

527 941 664 1041 atque
697 924 895 1014 subitum
932 918 1114 1014 tumoris
1149 919 1483 1018 incrementum
1517 928 1808 1037 distinguunt
1841 931 2124 1044 emphysema
2159 932 2214 1012 ab
2248 957 2320 1014 oe·

529 1064 706 1146 demate
740 1056 792 1139 in
822 1050 1082 1136 universum
1118 1051 1163 1134 δι
1197 1053 1407 1166 hydrope
1431 1081 1659 1164 anasarca3
1693 1057 1892 1166 quamvis
1908 1055 1959 1141 in
1978 1059 2064 1141 hoc
2081 1066 2235 1142 nostro
2252 1083 2320 1142 ca·

532 1213 582 1272 su
614 1186 867 1271 sola'causa
900 1174 1204 1285 occasionalis,
1228 1181 1402 1265 ,vulnus
1435 1206 1596 1296 nempe
1637 1182 1832 1295 pectoris
1863 1195 2118 1297 penetrans,
2138 1187 2195 1268 ad
2233 1185 2321 1268 hoc

532 1313 892 1457 cognoscendum
918 1299 1016 1390 s'ull
1016 1301 1138 1390 iciat.
1175 1305 1280 1407 Quo
1314 1319 1462 1392 autem
1497 1314 1637 1420 gradu
1672 1311 1779 1394 tella
1814 1311 2024 1396 cellulosa
2057 1323 2107 1396 ct
2130 1321 2323 1396 structu·

533 1469 584 1530 ra
618 1441 712 1526 eius
746 1439 795 1522 in
829 1429 1016 1542 singulis
1051 1433 1249 1548 corporis
1290 1435 1492 1578 partibus
1526 1460 1720 1544 ιιιιιοιι,
1752 1439 1827 1534 vel
1844 1461 2127 1523 couescrron
2143 1437 2321 1546 existit,

498 1557 592 1654 'eo
626 1564 831 1672 celerius,
864 1561 939 1646 vel
971 1559 1142 1646 lentius
1176 1533 1460 1676 emphysema
1494 1564 1656 1650 ceteris
1688 1565 1867 1676 paribus
1902 1575 1964 1652 et
2012 1565 2263 1678 aequaliter
2295 1593 2323 1650 a

534 1693 666 1779 fonte
699 1719 777 1778 suo
811 1698 1048 1796 remotum,
1086 1688 1262 1796 crescit,
1296 1716 1443 1800 eoque
1476 1693 1576 1806 plus
1608 1691 1811 1778 minusve
1844 1718 1937 1779 sese
1970 1693 2201 1778 extendit.
2244 1690 2322 1780 Sic

535 1824 762 1932 quondam
801 1817 906 1902 tella
941 1816 1155 1902 cellulosa
1171 1818 1227 1899 ab
1245 1821 1576 1931 emphysemate
1609 1831 1708 1932 post
1740 1819 1903 1906 vulnus
1927 1823 2122 1935 pectoris
2140 1829 2322 1928 exorto,

472 1945 476 1953 ’
539 1951 591 2034 in
627 1951 807 2032 thorace
841 1949 899 2031 ad
923 1943 1178 2054 duodecim,
1211 1943 1263 2029 in
1295 1946 1534 2031 abdomine
1567 1949 1625 2029 ad
1656 1952 1827 2054 decem,
1861 1945 1912 2032 in
1945 1947 2136 2060 reliquis
2167 1973 2321 2060 corpo·

539 2079 601 2162 ris
633 2075 838 2190 partibus
881 2076 939 2156 ad
971 2080 1166 2181 quatuor
1197 2071 1383 2184 pollices
1417 2073 1696 2161 extumuisse
1728 2074 1822 2158 visa
1847 2083 1927 2161 est.
1961 2071 2152 2194 (brunna
2202 2097 2323 2160 cassu

539 2228 661 2286 anno
701 2207 819 2306 1713
856 2225 958 2281 cum
991 2199 1114 2306 regia
1146 2197 1420 2284 Parisiorum
1453 2201 1675 2286 academia
1710 2199 1998 2292 scientiarum
2032 2203 2325 2288 communica·

543 2325 647 2448 tus.)
680 2324 965 2473 Compactiur
1000 2324 1123 2408 tellao
1156 2326 1384 2414 cellulosae
1418 2337 1641 2412 structura
1673 2329 1722 2412 in
1758 2340 1996 2437 causaest,
2030 2356 2223 2415 currem
2242 2339 2325 2412 tar·

541 2457 644 2542 dius
676 2456 903 2566 magisque
935 2449 1246 2597 imperfecte
1232 2479 1283 2536 ιιι
1317 2455 1578 2568 corporibus
1626 2455 1832 2569 adiposis,
1883 2481 2015 2567 quam
2048 2457 2113 2542 in
2141 2455 2325 2542 macaris

540 2568 850 2700 procedere,
836 2607 968 2664 1mmo
1002 2580 1199 2693 corporis
1220 2583 1441 2687 ιιιιιιιιΙιιι,
1476 2609 1579 2690 quse
1611 2584 1754 2666 multo
1788 2584 1921 2698 adipe
1962 2585 2153 2700 praedita
2201 2591 2323 2688 sunt,

540 2711 688 2797 minus
720 2721 857 2820 atque
893 2706 1062 2792 tardius
1094 2711 1197 2792 aire
1232 2709 1428 2792 extendi
1476 2699 1691 2795 videmus.
1741 2707 1907 2794 Hoc
1894 2737 1944 2794 ιιι
1994 2715 2325 2828 emphysemate

542 2838 737 2954 adiposao
770 2835 981 2920 vesiculas
1014 2861 1108 2918 non
1143 2835 1243 2948 plus
1274 2863 1298 2919 a
1332 2833 1482 2920 fluido
1518 2835 1700 2921 elastico
1742 2842 2085 2952 expanduntur,
2137 2865 2266 2950 qnam
2301 2863 2325 2918 a

543 2965 762 3088 hydropis
795 2973 1078 3050 extravasato
1111 2959 1273 3051 fluido.
1353 3007 1356 3012 ·

1232 3168 1236 3178 ·
1354 3131 1381 3246 g
1418 3135 1521 3238 137.

609 3300 925 3414 Emphysema,
960 3325 1051 3408 quo
1085 3294 1215 3381 simul
1249 3295 1413 3382 extitit
1444 3299 1544 3380 loco
1576 3297 1788 3410 laesionis,
1804 3301 1891 3387 hoc
1914 3303 2045 3386 modo
2061 3301 2328 3415 plerumque

546 3427 680 3514 latius
706 3425 924 3540 procedit.
961 3421 1121 3508 Statim
1155 3451 1245 3510 sese
1279 3425 1431 3510 attolit
1465 3439 1768 3538 superteostas
1800 3419 1937 3540 atque
1973 3421 2114 3514 totum
2154 3435 2329 3542 pectus,

546 3555 717 3642 deinde
751 3577 883 3666 super
918 3551 1081 3634 collum
1116 3560 1163 3635 et
1195 3550 1370 3660 faciem,
1403 3553 1484 3635 ubi
1517 3554 1827 3668 palpebrarum
1860 3556 2011 3639 laxior
2047 3557 2151 3640 tella
2193 3553 2330 3636 cellu-

546 3684 637 3767 losa
671 3707 765 3796 prae
800 3677 962 3763 ceteris
995 3681 1051 3760 ab
1084 3681 1186 3762 aire
1220 3679 1426 3788 inflatur,
1461 3706 1569 3790 quas
1601 3683 1777 3789 gravius
1811 3687 2093 3796 emphysema
2110 3683 2245 3796 plane
2263 3679 2329 3762 in·

254 3851 259 3858 ·
389 3910 398 3924 f
551 3813 727 3894 terdum
764 3803 979 3913 occludit,
1011 3815 1164 3919 postea
1197 3807 1247 3890 in
1286 3807 1545 3914 abdomine,
1578 3808 1659 3892 ubi
1692 3820 1885 3894 scrotum
1919 3823 2103 3924 propter
2136 3818 2330 3892 structu·

551 3965 640 4020 ram
674 3961 792 4020 suam
826 3931 1034 4016 maximae
1070 3933 1332 4018 extensioni
1365 3933 1618 4017 obnoxium
1653 3963 1743 4022 esse
1775 3938 1974 4044 videtur,
2007 3942 2064 4022 ad
2096 3937 2331 4046 ingentem

550 4061 905 4203 magnitudinem
940 4059 1146 4169 inflatur,
1179 4049 1380 4170 denique
1414 4071 1604 4174 occupat
1636 4057 1803 4147 femora
1835 4075 1972 4174 atque
1989 4090 2132 4149 crura.
2150 4063 2333 4148 Collum
2446 4073 2447 4088 ¹

549 4203 599 4274 et
632 4189 881 4303 superiores
914 4213 966 4270 ac
999 4186 1237 4272 inleriores
1271 4187 1583 4292 extremitates
1632 4201 1815 4290 manent
1863 4193 2131 4305 plerumque
2183 4189 2334 4298 rigide

552 4327 783 4403 e.xtensae
802 4313 954 4398 Palma
988 4319 1158 4421 manus,
1191 4316 1343 4431 planta
1374 4317 1554 4440 pedum,
1588 4340 1687 4429 pars
1736 4316 1892 4432 capitis
1944 4318 2145 4402 crinibus
2197 4326 2337 4426 tecta,

551 4455 733 4550 ιιιιιιι,
770 4452 978 4552 tanquam
1011 4454 1157 4556 partes
1191 4443 1424 4528 instructas
1459 4431 1696 4528 admodum
1732 4455 1955 4574 compacta
1992 4446 2098 4532 tella
2150 4443 2337 4528 cellulo·

551 4599 609 4676 so,
644 4597 747 4681 quae
781 4567 979 4652 firmiter
1011 4569 1211 4697 partibus
1244 4568 1579 4655 subiacentibus
1612 4563 1830 4681 adhaeret,
1863 4571 2340 4688 omnes,dum1mpe-

553 4698 688 4782 diunt
720 4695 834 4780 airis
867 4695 1054 4806 aditum,
1089 4685 1407 4784 extensionem
1439 4723 1532 4780 non
1566 4699 1826 4788 admittunt.

1305 4864 1539 4980 γ5138.

619 5029 956 5144 Srurrouxrx,
993 5055 1097 5138 quse
1131 5031 1452 5119 subcutaneum
1486 5033 1769 5145 emphysema
1801 5041 1866 5118 sat
1888 5058 2031 5144 grave
2049 5043 2240 5148 propter
2259 5061 2344 5122 ex·

556 5157 811 5244 tensitatem
845 5168 980 5267 atque
1014 5155 1319 5240 int-ensitatem
1355 5184 1475 5243 suam
1509 5157 1794 5270 comitantur,
1827 5161 2241 5258 econsideratione
2279 5191 2344 5250 se-
2445 5229 2446 5244 ι

463 5279 469 5302 ’
555 5286 785 5394 quelarum
819 5283 1149 5418 inevitabilium
1185 5285 1297 5394 airis
1331 5284 1451 5372 intra
1482 5296 1640 5404 pectus
1674 5288 1875 5380 abnormi
1908 5289 2041 5374 modo
2084 5299 2345 5378 extravasa
