4960 6054
1351 459 1475 512 xxxin

520 660 643 770 tulit3
675 655 897 770 siquidem
929 652 1097 742 mobile
1129 683 1181 742 ac
1214 657 1378 744 durum
1412 683 1571 772 corpus
1604 659 1685 744 sub
1719 655 1906 773 specillo
1957 657 2127 745 sentire
2168 655 2309 742 conti·

454 815 460 820 '
516 808 598 920 git.
630 805 775 892 Paulo
808 814 908 919 post
939 829 966 890 e
999 803 1308 888 communibus
1342 803 1664 916 integumentis
1698 804 1813 918 plica
1849 791 2133 890 transversali
2153 803 2309 891 forma·

519 961 579 1062 ta,
613 953 805 1064 locoque
838 949 1200 1062 sanguinolento·
1217 959 1345 1064 parte
1379 951 1525 1056 media
1558 950 1780 1035 incisione
1814 979 1895 1066 per
1927 935 2183 1068 scalpellum
2218 949 2309 1034 chi·

516 1097 747 1210 rurgicum
779 1069 1038 1184 convexum
1071 1096 1276 1204 dilatato,
1309 1097 1414 1180 lima
1446 1093 1603 1216 (quam
1636 1095 1752 1182 vidis
1784 1097 1833 1180 in
1868 1085 1976 1184 Tab.
2013 1097 2112 1208 Fig.
2144 1093 2203 1184 A.
2252 1099 2310 1180 ad
2459 1131 2460 1134 ι

517 1245 768 1330 naturalem
800 1242 1159 1354 magnitudinem
1184 1269 1295 1328 ame
1309 1239 1603 1363 delineatam)
1638 1243 1766 1329 ouius
1789 1235 2072 1328 manubrium
2103 1241 2221 1363 [Fig.
2238 1238 2310 1361 B.)

376 1447 384 1456 -
516 1389 730 1477 mutiatus
761 1415 912 1500 secum
958 1389 1131 1496 attulit,
1162 1399 1371 1475 extracta
1405 1399 1471 1476 est
1503 1386 1674 1504 forcipe
1724 1389 1989 1500 chirurgica.
2021 1389 2123 1476 Hoc
2173 1387 2309 1496 lacto,

515 1537 664 1622 statim
684 1538 923 1623 vehemens
947 1544 1111 1619 exorta
1144 1545 1211 1622 est
1243 1537 1569 1653 haemorrhagia
1600 1546 1650 1623 et
1682 1535 1859 1648 sanguis
1892 1540 1949 1620 ad
1982 1547 2176 1648 quatuor
2209 1533 2308 1619 lere

514 1680 670 1770 uncias
702 1707 730 1768 e
758 1681 953 1768 vulnere
970 1678 1180 1794 eliluxit,
1199 1712 1331 1796 quam
1347 1711 1444 1800 pari
1433 1683 1745 1770 'vehementia
1763 1709 1828 1767 ex
1845 1710 1924 1769 ore
1940 1682 2079 1768 altera
2097 1681 2309 1793 sequeba-

516 1837 603 1916 tur.
627 1823 836 1918 Vulnere
868 1828 1039 1914 dehinc
1071 1828 1389 1946 simplicissime
1407 1830 1621 1944 deligato,
1640 1859 1777 1943 quum
1794 1831 1944 1947 pulsus
1960 1829 2154 1936 mollior,
2173 1825 2308 1942 respi-

513 1971 630 2059 ratio
663 1972 841 2060 facilior
872 1975 1121 2086 extitisset,
1155 1977 1365 2092 poculum
1397 2004 1529 2088 aquae
1563 2004 1664 2062 oum
1697 1989 1825 2064 aceto
1859 1977 2020 2062 mixtae
2055 1971 2306 2062 exhaurire

417 2087 423 2102 ¹
460 2212 478 2249 ο
514 2115 886 2227 insensatorum
918 2123 1119 2235 denique
1152 2135 1346 2234 aegrotus
1394 2123 1444 2208 in
1466 2123 1586 2262 ¹sella
1634 2120 1872 2236 gestatoria
1922 2081 2175 2236 reporlatus
2224 2127 2304 2206 est.

512 2259 609 2350 Ubi
643 2264 731 2352 iam
761 2264 834 2351 illi
865 2269 1123 2384 prescripta
1158 2281 1277 2354 sunt:
1310 2268 1513 2354 mixtura
1546 2267 1816 2380 refrigerans
1849 2295 1875 2356 e
1901 2267 1994 2352 kali
2011 2267 2195 2376 nitrien,
2213 2289 2308 2348 mu·

512 2409 708 2522 cilagine
741 2413 907 2524 gummi
941 2415 1108 2498 arabici
1143 2403 1193 2500 et'
1235 2443 1402 2530 syrupo
1441 2417 1622 2524 altheae3
1656 2417 1823 2534 species
1855 2415 2103 2532 pectorales
2135 2409 2303 2526 additis

512 2555 704 2642 floribus
735 2560 920 2679 arnicas,
957 2561 1075 2646 theae
1109 2562 1208 2646 loco
1242 2562 1554 2678 recipiendae„
1571 2589 1727 2647 enema
1754 2561 1975 2678 aperiens,
1992 2571 2126 2645 nocte
2146 2561 2303 2644 eadem

510 2703 696 2788 semel
679 2731 867 2821 iusuper
899 2711 1197 2824 repetendum
1231 2717 1279 2790 et
1312 2707 1445 2793 lateri
1479 2708 1674 2794 sauciato
1698 2709 1986 2824 imponendae
2009 2706 2304 2792 centiuenter

511 2843 696 2962 frigidte
730 2847 1001 2940 Schmukeri
1034 2849 1382 2942 fomentatmnes
1397 2881 1480 2971 per
1496 2856 1638 2941 lintea
1657 2857 1909 3016 composita.
1942 2831 2131 2940 Noctem
2163 2879 2304 2963 aegro·

509 2993 633 3080 tus
614 2999 832 3086 insomnis
859 2999 1049 3115 peregit
1082 2997 1171 3086 Die
1203 3012 1354 3086 autem
1385 3000 1648 3114 insequenti
1662 2964 1773 3122 (2⁶⁰
1805 2999 1970 3126 morbi)
2018 3001 2170 3116 pulsus
2208 2999 2304 3115 ple·

500 3139 595 3230 ¹run
627 3139 719 3230 fuit
751 3155 801 3231 et
831 3143 1038 3264 incoepit
1085 3149 1230 3258 gravis
1277 3149 1487 3236 anxietas
1536 3148 1943 3263 vehementiorque
1995 3146 2135 3233 tussis.
2183 3143 2301 3236 Vox

508 3282 630 3375 intra
663 3291 792 3380 boras
825 3305 943 3398 octo,
977 3292 1051 3378 vel
1092 3297 1249 3377 decem
1296 3287 1399 3409 post'
1445 3296 1687 3380 laesionem
1736 3305 1976 3410 acceptam,
2026 3294 2087 3378 ita
2138 3289 2302 3378 sensim

364 3459 367 3466 ’
505 3434 815 3550 paulatimque
863 3435 1050 3547 deiecit,
1093 3449 1274 3522 utnon
1306 3437 1395 3523 nisi
1428 3442 1526 3524 auri
1559 3445 1690 3525 modo
1724 3445 1782 3526 ad
1826 3469 1873 3527 os
1922 3440 2153 3554 loquentis
2200 3465 2302 3554 pro-

509 3579 638 3668 xime
670 3587 862 3691 admota,
895 3586 1068 3700 percipi
1109 3595 1269 3700 ppsset.
1318 3583 1459 3670 Immo
1511 3598 1653 3673 status
1685 3589 1856 3698 ,aegroti
1906 3587 1970 3671 ita
2020 3595 2297 3703 comparatus

506 3707 936 3840 subsannabatur,
971 3742 1023 3815 ut
1056 3729 1189 3818 lacile
1226 3744 1318 3816 tum
1351 3731 1768 3842 inflammationem,
1805 3742 1897 3828 tum
1934 3761 2039 3842 vero
2090 3744 2299 3818 extrava-

505 3875 724 3990 sationem
756 3875 809 3960 in
840 3877 1036 3991 pectoris
1070 3877 1264 3985 cavitate
1297 3878 1508 3994 suspicari
1541 3883 1719 3977 liceret.
1752 3877 1912 3992 Neque
1949 3891 2097 3966 tamen
2145 3881 2197 3965 in
2230 3907 2301 3966 su·

507 4019 700 4136 perticis
733 4021 831 4109 eius
862 4024 1048 4135 aliquod
1082 4027 1256 4136 sigruim
1287 4028 1584 4111 animadverti
1617 4027 1786 4140 potuit,
1821 4030 1945 4138 quod
1978 4039 2144 4113 certam
2199 4027 2297 4112 eius

420 4213 423 4224 .
504 4165 574 4252 rei
607 4167 950 4288 persuasionem
976 4153 1181 4256 laceres
1211 4169 1516 4288 Symptomata
1565 4173 1782 4282 sanguine
1833 4199 1858 4257 e
1909 4175 2069 4261 dextri
2119 4172 2297 4258 brachii

503 4337 620 4398 vena
652 4319 710 4400 ad
754 4317 948 4404 sedecim
984 4317 1140 4404 uncias
1158 4319 1281 4404 'miso
1315 4319 1554 4430 diminuta,
1589 4346 1737 4404 rursus
1780 4319 1910 4404 brevi
1961 4332 2160 4436 tempore
2212 4319 2295 4405 cir·

471 4483 554 4542 -ca
588 4485 816 4577 vesperem
850 4461 1146 4551 increverunt
1179 4476 1226 4550 et
1259 4465 1443 4551 alteram
1477 4465 1863 4552 venaesectionem
1895 4468 2200 4553 reddiderunt
2216 4492 2295 4552 ne·

504 4603 745 4694 cessariam.
778 4607 855 4694 Ad
888 4624 1040 4698 notem
1072 4612 1306 4728 praescribi
1338 4611 1481 4697 visum
1515 4624 1581 4700 est
1599 4641 1755 4700 enema
1789 4613 1856 4700 bis
1890 4620 2204 4728 repetendum,
2223 4613 2292 4700 in·

501 4775 637 4866 super
669 4783 852 4869 quoque
886 4759 1073 4844 emulsio
1104 4757 1392 4872 amygdalina
1408 4785 1507 4842 cum
1529 4761 1652 4846 nitro
1670 4773 1718 4846 et
1735 4772 1944 4846 extracto
1970 4761 2291 4874 hyosciami.-

498 4889 659 4984 Tertio
693 4906 837 4990 morbi
871 4906 948 4992 die
982 4909 1200 5016 margines
1234 4905 1448 5013 vulneris,
1492 4907 1559 4992 bis
1593 4906 1799 5020 quotidie
1834 4906 2037 5018 deligati,
2086 4907 2135 4992 in
2169 4919 2290 4996 statu

499 5049 832 5159 suppurationis
866 5051 1031 5136 versari
1065 5062 1329 5170 coeperunt,
1363 5081 1467 5163 quae
1499 5051 1660 5160 sensim
1694 5053 1999 5168 paulatimque
2033 5055 2289 5142 maioreve·

497 5189 648 5280 debat.
686 5191 790 5298 Quo
822 5197 971 5286 miuus
1018 5207 1168 5284 autem
1208 5200 1372 5287 vulnm
1406 5200 1587 5287 occludi
1603 5211 1764 5316 posset,
1780 5199 1889 5288 buio
1909 5201 2289 5322 compositocarp-

1075 5395 1112 5467 l·
1200 5445 1210 5464 .
