<?xml version="1.0" encoding="UTF-8"?>
<!DOCTYPE html PUBLIC "-//W3C//DTD XHTML 1.0 Transitional//EN"
    "http://www.w3.org/TR/xhtml1/DTD/xhtml1-transitional.dtd">
<html xmlns="http://www.w3.org/1999/xhtml" xml:lang="en" lang="en">
 <head>
  <title>
</title>
<meta http-equiv="Content-Type" content="text/html;charset=utf-8" />
  <meta name='ocr-system' content='tesseract 3.04.00' />
  <meta name='ocr-capabilities' content='ocr_page ocr_carea ocr_par ocr_line ocrx_word'/>
</head>
<body>
  <div class='ocr_page' id='page_1' title='image "./tractatusdevuln00mayegoog_0195.png"; bbox 0 0 4942 6048; ppageno 0'>
   <div class='ocr_carea' id='block_1_1' title="bbox 1334 424 1500 772">
    <p class='ocr_par' dir='ltr' id='par_1_1' title="bbox 1334 424 1500 772">
     <span class='ocr_line' id='line_1_1' title="bbox 1376 424 1463 519; baseline 0.057 -6"><span class='ocrx_word' id='word_1_1' title='bbox 1376 424 1463 519; x_wconf 80' lang='lat'><strong>156</strong></span> 
     </span>
     <span class='ocr_line' id='line_1_2' title="bbox 1334 657 1500 772; baseline 0.006 -29"><span class='ocrx_word' id='word_1_2' title='bbox 1334 657 1361 772; x_wconf 67' lang='grc' dir='ltr'><strong><em>ς</em></strong></span> <span class='ocrx_word' id='word_1_3' title='bbox 1398 661 1500 766; x_wconf 77' lang='grc'><strong>164.</strong></span> 
     </span>
    </p>
   </div>
   <div class='ocr_carea' id='block_1_2' title="bbox 512 791 2309 936">
    <p class='ocr_par' dir='ltr' id='par_1_2' title="bbox 512 791 2309 936">
     <span class='ocr_line' id='line_1_3' title="bbox 512 791 2309 936; baseline -0.001 -23"><span class='ocrx_word' id='word_1_4' title='bbox 512 791 519 808; x_wconf 37' lang='lat'>⁸</span> <span class='ocrx_word' id='word_1_5' title='bbox 593 817 865 913; x_wconf 63' lang='lat' dir='ltr'><strong>saumae)</strong></span> <span class='ocrx_word' id='word_1_6' title='bbox 898 811 949 906; x_wconf 83' lang='lat' dir='ltr'><strong>in</strong></span> <span class='ocrx_word' id='word_1_7' title='bbox 983 811 1261 935; x_wconf 71' lang='lat' dir='ltr'><strong>compendiis</strong></span> <span class='ocrx_word' id='word_1_8' title='bbox 1295 825 1353 906; x_wconf 88' lang='lat' dir='ltr'><strong>de</strong></span> <span class='ocrx_word' id='word_1_9' title='bbox 1396 822 1640 935; x_wconf 83' lang='lat' dir='ltr'><strong>Chirurgia</strong></span> <span class='ocrx_word' id='word_1_10' title='bbox 1678 823 1846 936; x_wconf 89' lang='lat' dir='ltr'><strong>primus</strong></span> <span class='ocrx_word' id='word_1_11' title='bbox 1879 825 2155 911; x_wconf 81' lang='lat' dir='ltr'><strong>mentionem</strong></span> <span class='ocrx_word' id='word_1_12' title='bbox 2200 825 2309 912; x_wconf 87' lang='lat' dir='ltr'><strong>lacit</strong></span> 
     </span>
    </p>
   </div>
   <div class='ocr_carea' id='block_1_3' title="bbox 406 949 2451 3221">
    <p class='ocr_par' dir='ltr' id='par_1_3' title="bbox 406 949 2451 3221">
     <span class='ocr_line' id='line_1_4' title="bbox 524 949 2310 1062; baseline 0 -25"><span class='ocrx_word' id='word_1_13' title='bbox 524 951 811 1038; x_wconf 75' lang='lat' dir='ltr'><strong>sacunoaau&#39;</strong></span> <span class='ocrx_word' id='word_1_14' title='bbox 829 975 1075 1037; x_wconf 72' lang='lat' dir='ltr'><strong>nonnosum</strong></span> <span class='ocrx_word' id='word_1_15' title='bbox 1108 953 1356 1036; x_wconf 78' lang='lat' dir='ltr'><strong>nnouaasds</strong></span> <span class='ocrx_word' id='word_1_16' title='bbox 1387 971 1425 1057; x_wconf 68' lang='grc' dir='ltr'><strong>(ς</strong></span> <span class='ocrx_word' id='word_1_17' title='bbox 1459 971 1572 1056; x_wconf 62' lang='lat' dir='ltr'><strong>usn),</strong></span> <span class='ocrx_word' id='word_1_18' title='bbox 1588 949 1799 1034; x_wconf 89' lang='lat' dir='ltr'><strong>nimirum</strong></span> <span class='ocrx_word' id='word_1_19' title='bbox 1822 962 1921 1062; x_wconf 88' lang='lat' dir='ltr'><strong>post</strong></span> <span class='ocrx_word' id='word_1_20' title='bbox 1940 965 2137 1036; x_wconf 89' lang='lat' dir='ltr'><strong>sanatum</strong></span> <span class='ocrx_word' id='word_1_21' title='bbox 2157 963 2310 1038; x_wconf 88' lang='lat' dir='ltr'><strong>exter·</strong></span> 
     </span>
     <span class='ocr_line' id='line_1_5' title="bbox 524 1073 2308 1196; baseline 0.002 -36"><span class='ocrx_word' id='word_1_22' title='bbox 524 1105 634 1161; x_wconf 89' lang='lat' dir='ltr'><strong>num</strong></span> <span class='ocrx_word' id='word_1_23' title='bbox 651 1082 815 1163; x_wconf 85' lang='lat' dir='ltr'><strong>vulnus</strong></span> <span class='ocrx_word' id='word_1_24' title='bbox 847 1076 1042 1190; x_wconf 89' lang='lat' dir='ltr'><strong>pectoris</strong></span> <span class='ocrx_word' id='word_1_25' title='bbox 1074 1087 1328 1190; x_wconf 78' lang='lat' dir='ltr'><strong>penetrans</strong></span> <span class='ocrx_word' id='word_1_26' title='bbox 1363 1073 1451 1158; x_wconf 93' lang='lat' dir='ltr'><strong>Ille</strong></span> <span class='ocrx_word' id='word_1_27' title='bbox 1484 1077 1738 1162; x_wconf 81' lang='lat' dir='ltr'><strong>observavit</strong></span> <span class='ocrx_word' id='word_1_28' title='bbox 1770 1077 1959 1162; x_wconf 89' lang='lat' dir='ltr'><strong>militem</strong></span> <span class='ocrx_word' id='word_1_29' title='bbox 1993 1079 2141 1162; x_wconf 88' lang='lat' dir='ltr'><strong>veruti</strong></span> <span class='ocrx_word' id='word_1_30' title='bbox 2161 1075 2308 1196; x_wconf 82' lang='lat' dir='ltr'><strong>(Baio-</strong></span> 
     </span>
     <span class='ocr_line' id='line_1_6' title="bbox 525 1202 2310 1321; baseline 0.002 -34"><span class='ocrx_word' id='word_1_31' title='bbox 525 1202 625 1321; x_wconf 81' lang='lat' dir='ltr'><strong>net)</strong></span> <span class='ocrx_word' id='word_1_32' title='bbox 644 1206 756 1289; x_wconf 84' lang='lat' dir='ltr'><strong>ictu</strong></span> <span class='ocrx_word' id='word_1_33' title='bbox 783 1209 846 1289; x_wconf 89' lang='lat' dir='ltr'><strong>&#39;ad</strong></span> <span class='ocrx_word' id='word_1_34' title='bbox 878 1205 1083 1286; x_wconf 84' lang='lat' dir='ltr'><strong>llosbacb</strong></span> <span class='ocrx_word' id='word_1_35' title='bbox 1115 1203 1166 1285; x_wconf 93' lang='lat' dir='ltr'><strong>in</strong></span> <span class='ocrx_word' id='word_1_36' title='bbox 1198 1203 1426 1288; x_wconf 86' lang='lat' dir='ltr'><strong>sinistrum</strong></span> <span class='ocrx_word' id='word_1_37' title='bbox 1460 1213 1616 1315; x_wconf 84' lang='lat' dir='ltr'><strong>pectus</strong></span> <span class='ocrx_word' id='word_1_38' title='bbox 1650 1203 1772 1288; x_wconf 87' lang='lat' dir='ltr'><strong>inter</strong></span> <span class='ocrx_word' id='word_1_39' title='bbox 1818 1205 1985 1289; x_wconf 89' lang='lat' dir='ltr'><strong>medias</strong></span> <span class='ocrx_word' id='word_1_40' title='bbox 2033 1203 2211 1316; x_wconf 81' lang='lat' dir='ltr'><strong>quintae</strong></span> <span class='ocrx_word' id='word_1_41' title='bbox 2260 1217 2310 1291; x_wconf 88' lang='lat' dir='ltr'><strong>et</strong></span> 
     </span>
     <span class='ocr_line' id='line_1_7' title="bbox 406 1326 2309 1446; baseline -0.001 -30"><span class='ocrx_word' id='word_1_42' title='bbox 406 1374 426 1404; x_wconf 91' lang='lat'><strong>·</strong></span> <span class='ocrx_word' id='word_1_43' title='bbox 525 1341 673 1416; x_wconf 82' lang='lat' dir='ltr'><strong>sextae</strong></span> <span class='ocrx_word' id='word_1_44' title='bbox 706 1359 831 1418; x_wconf 88' lang='lat' dir='ltr'><strong>veras</strong></span> <span class='ocrx_word' id='word_1_45' title='bbox 863 1341 1004 1414; x_wconf 79' lang='lat' dir='ltr'><strong>costas</strong></span> <span class='ocrx_word' id='word_1_46' title='bbox 1034 1330 1336 1434; x_wconf 89' lang='lat' dir='ltr'><strong>vulneratum,</strong></span> <span class='ocrx_word' id='word_1_47' title='bbox 1387 1329 1472 1412; x_wconf 87' lang='lat' dir='ltr'><strong>etsi</strong></span> <span class='ocrx_word' id='word_1_48' title='bbox 1511 1330 1648 1414; x_wconf 91' lang='lat' dir='ltr'><strong>multa</strong></span> <span class='ocrx_word' id='word_1_49' title='bbox 1698 1341 1991 1444; x_wconf 76' lang='lat' dir='ltr'><strong>symptomata</strong></span> <span class='ocrx_word' id='word_1_50' title='bbox 2038 1326 2309 1446; x_wconf 83' lang='lat' dir='ltr'><strong>perpessum,</strong></span> 
     </span>
     <span class='ocr_line' id='line_1_8' title="bbox 524 1450 2326 1567; baseline 0.001 -28"><span class='ocrx_word' id='word_1_51' title='bbox 524 1456 726 1541; x_wconf 82' lang='lat' dir='ltr'><strong>feliciter</strong></span> <span class='ocrx_word' id='word_1_52' title='bbox 748 1469 907 1543; x_wconf 86' lang='lat' dir='ltr'><strong>tamen</strong></span> <span class='ocrx_word' id='word_1_53' title='bbox 940 1457 1088 1540; x_wconf 91' lang='lat' dir='ltr'><strong>omnia</strong></span> <span class='ocrx_word' id='word_1_54' title='bbox 1122 1454 1393 1540; x_wconf 82' lang='lat' dir='ltr'><strong>sustinuisse.</strong></span> <span class='ocrx_word' id='word_1_55' title='bbox 1430 1454 1707 1567; x_wconf 83' lang='lat' dir='ltr'><strong>Quamquam</strong></span> <span class='ocrx_word' id='word_1_56' title='bbox 1740 1459 1903 1542; x_wconf 84' lang='lat' dir='ltr'><strong>vulnus</strong></span> <span class='ocrx_word' id='word_1_57' title='bbox 1944 1457 2041 1542; x_wconf 86' lang='lat' dir='ltr'><strong>eius</strong></span> <span class='ocrx_word' id='word_1_58' title='bbox 2090 1461 2148 1541; x_wconf 92' lang='lat' dir='ltr'><strong>ad</strong></span> <span class='ocrx_word' id='word_1_59' title='bbox 2197 1450 2326 1541; x_wconf 62' lang='lat' dir='ltr'><strong>cica-⁸</strong></span> 
     </span>
     <span class='ocr_line' id='line_1_9' title="bbox 463 1582 2309 1698; baseline 0.001 -32"><span class='ocrx_word' id='word_1_60' title='bbox 463 1671 467 1679; x_wconf 70' lang='grc'><em>,</em></span> <span class='ocrx_word' id='word_1_61' title='bbox 494 1639 497 1649; x_wconf 80' lang='lat'><strong>·</strong></span> <span class='ocrx_word' id='word_1_62' title='bbox 526 1587 682 1668; x_wconf 87' lang='lat' dir='ltr'><strong>tricem</strong></span> <span class='ocrx_word' id='word_1_63' title='bbox 722 1590 990 1698; x_wconf 89' lang='lat' dir='ltr'><strong>perductum</strong></span> <span class='ocrx_word' id='word_1_64' title='bbox 1020 1593 1135 1689; x_wconf 89' lang='lat' dir='ltr'><strong>erat,</strong></span> <span class='ocrx_word' id='word_1_65' title='bbox 1168 1582 1464 1666; x_wconf 87' lang='lat' dir='ltr'><strong>nihilominus</strong></span> <span class='ocrx_word' id='word_1_66' title='bbox 1499 1592 1660 1691; x_wconf 88' lang='lat' dir='ltr'><strong>tamen,</strong></span> <span class='ocrx_word' id='word_1_67' title='bbox 1695 1609 1832 1693; x_wconf 91' lang='lat' dir='ltr'><strong>quum</strong></span> <span class='ocrx_word' id='word_1_68' title='bbox 1866 1583 1990 1669; x_wconf 83' lang='lat' dir='ltr'><strong>laesio</strong></span> <span class='ocrx_word' id='word_1_69' title='bbox 2008 1587 2309 1670; x_wconf 79' lang='lat' dir='ltr'><strong>musculorum</strong></span> 
     </span>
     <span class='ocr_line' id='line_1_10' title="bbox 522 1707 2310 1819; baseline 0.001 -25"><span class='ocrx_word' id='word_1_70' title='bbox 522 1711 877 1795; x_wconf 88' lang='lat' dir='ltr'><strong>intercostalium</strong></span> <span class='ocrx_word' id='word_1_71' title='bbox 910 1709 1013 1796; x_wconf 87' lang='lat' dir='ltr'><strong>satis</strong></span> <span class='ocrx_word' id='word_1_72' title='bbox 1046 1737 1217 1819; x_wconf 83' lang='lat' dir='ltr'><strong>magna,</strong></span> <span class='ocrx_word' id='word_1_73' title='bbox 1252 1719 1388 1819; x_wconf 89' lang='lat' dir='ltr'><strong>atque</strong></span> <span class='ocrx_word' id='word_1_74' title='bbox 1422 1707 1567 1795; x_wconf 86' lang='lat' dir='ltr'><strong>minus</strong></span> <span class='ocrx_word' id='word_1_75' title='bbox 1601 1711 1690 1792; x_wconf 85' lang='lat' dir='ltr'><strong>rite</strong></span> <span class='ocrx_word' id='word_1_76' title='bbox 1723 1710 1883 1794; x_wconf 88' lang='lat' dir='ltr'><strong>coalita</strong></span> <span class='ocrx_word' id='word_1_77' title='bbox 1916 1721 2044 1817; x_wconf 84' lang='lat' dir='ltr'><strong>esset,</strong></span> <span class='ocrx_word' id='word_1_78' title='bbox 2078 1715 2160 1796; x_wconf 92' lang='lat' dir='ltr'><strong>sub</strong></span> <span class='ocrx_word' id='word_1_79' title='bbox 2193 1713 2310 1796; x_wconf 87' lang='lat' dir='ltr'><strong>inte·</strong></span> 
     </span>
     <span class='ocr_line' id='line_1_11' title="bbox 521 1836 2309 1950; baseline 0.001 -32"><span class='ocrx_word' id='word_1_80' title='bbox 521 1837 747 1948; x_wconf 73' lang='lat' dir='ltr'><strong>gementis</strong></span> <span class='ocrx_word' id='word_1_81' title='bbox 780 1837 1087 1922; x_wconf 89' lang='lat' dir='ltr'><strong>communibus</strong></span> <span class='ocrx_word' id='word_1_82' title='bbox 1121 1838 1282 1920; x_wconf 91' lang='lat' dir='ltr'><strong>lacuna</strong></span> <span class='ocrx_word' id='word_1_83' title='bbox 1331 1836 1557 1942; x_wconf 83' lang='lat' dir='ltr'><strong>remansit,</strong></span> <span class='ocrx_word' id='word_1_84' title='bbox 1606 1841 1729 1922; x_wconf 91' lang='lat' dir='ltr'><strong>unde</strong></span> <span class='ocrx_word' id='word_1_85' title='bbox 1762 1839 1913 1950; x_wconf 91' lang='lat' dir='ltr'><strong>pulmo</strong></span> <span class='ocrx_word' id='word_1_86' title='bbox 1947 1837 2073 1948; x_wconf 89' lang='lat' dir='ltr'><strong>quasi</strong></span> <span class='ocrx_word' id='word_1_87' title='bbox 2105 1865 2209 1922; x_wconf 87' lang='lat' dir='ltr'><strong>nux</strong></span> <span class='ocrx_word' id='word_1_88' title='bbox 2242 1839 2309 1920; x_wconf 89' lang='lat' dir='ltr'><strong>iu·</strong></span> 
     </span>
     <span class='ocr_line' id='line_1_12' title="bbox 520 1961 2308 2076; baseline 0.001 -30"><span class='ocrx_word' id='word_1_89' title='bbox 520 1964 696 2074; x_wconf 83' lang='lat' dir='ltr'><strong>glandis</strong></span> <span class='ocrx_word' id='word_1_90' title='bbox 729 1964 867 2076; x_wconf 83' lang='lat' dir='ltr'><strong>regiae</strong></span> <span class='ocrx_word' id='word_1_91' title='bbox 902 1965 1026 2048; x_wconf 90' lang='lat' dir='ltr'><strong>inter</strong></span> <span class='ocrx_word' id='word_1_92' title='bbox 1058 1973 1195 2049; x_wconf 86' lang='lat' dir='ltr'><strong>costas</strong></span> <span class='ocrx_word' id='word_1_93' title='bbox 1231 1962 1455 2075; x_wconf 86' lang='lat' dir='ltr'><strong>prolapsus</strong></span> <span class='ocrx_word' id='word_1_94' title='bbox 1488 1971 1568 2050; x_wconf 88' lang='lat' dir='ltr'><strong>est.</strong></span> <span class='ocrx_word' id='word_1_95' title='bbox 1602 1961 1732 2047; x_wconf 87' lang='lat' dir='ltr'><strong>Inter</strong></span> <span class='ocrx_word' id='word_1_96' title='bbox 1764 1963 2104 2076; x_wconf 84' lang='lat' dir='ltr'><strong>inspirationem</strong></span> <span class='ocrx_word' id='word_1_97' title='bbox 2145 1973 2193 2049; x_wconf 89' lang='lat' dir='ltr'><strong>et</strong></span> <span class='ocrx_word' id='word_1_98' title='bbox 2227 1991 2308 2048; x_wconf 89' lang='lat' dir='ltr'><strong>ex·</strong></span> 
     </span>
     <span class='ocr_line' id='line_1_13' title="bbox 520 2089 2308 2206; baseline 0.001 -34"><span class='ocrx_word' id='word_1_99' title='bbox 520 2091 793 2206; x_wconf 90' lang='lat' dir='ltr'><strong>pirationem</strong></span> <span class='ocrx_word' id='word_1_100' title='bbox 831 2100 977 2174; x_wconf 90' lang='lat' dir='ltr'><strong>tumor</strong></span> <span class='ocrx_word' id='word_1_101' title='bbox 1009 2091 1086 2172; x_wconf 89' lang='lat' dir='ltr'><strong>hic</strong></span> <span class='ocrx_word' id='word_1_102' title='bbox 1119 2089 1375 2172; x_wconf 87' lang='lat' dir='ltr'><strong>alternatim</strong></span> <span class='ocrx_word' id='word_1_103' title='bbox 1410 2090 1721 2174; x_wconf 85' lang='lat' dir='ltr'><strong>extollebatur</strong></span> <span class='ocrx_word' id='word_1_104' title='bbox 1754 2093 2199 2200; x_wconf 61' lang='lat' dir='ltr'><strong>&amp;submergebatuq</strong></span> <span class='ocrx_word' id='word_1_105' title='bbox 2225 2091 2308 2200; x_wconf 91' lang='lat' dir='ltr'><strong>qui</strong></span> 
     </span>
     <span class='ocr_line' id='line_1_14' title="bbox 520 2211 2308 2331; baseline 0.002 -34"><span class='ocrx_word' id='word_1_106' title='bbox 520 2243 707 2330; x_wconf 85' lang='lat' dir='ltr'><strong>parvum</strong></span> <span class='ocrx_word' id='word_1_107' title='bbox 742 2220 970 2300; x_wconf 82' lang='lat' dir='ltr'><strong>duntaxat</strong></span> <span class='ocrx_word' id='word_1_108' title='bbox 1003 2218 1204 2300; x_wconf 90' lang='lat' dir='ltr'><strong>dolorem</strong></span> <span class='ocrx_word' id='word_1_109' title='bbox 1237 2211 1485 2322; x_wconf 85' lang='lat' dir='ltr'><strong>efficiebat,</strong></span> <span class='ocrx_word' id='word_1_110' title='bbox 1519 2215 1615 2302; x_wconf 85' lang='lat' dir='ltr'><strong>sine</strong></span> <span class='ocrx_word' id='word_1_111' title='bbox 1665 2216 1859 2330; x_wconf 87' lang='lat' dir='ltr'><strong>pectoris</strong></span> <span class='ocrx_word' id='word_1_112' title='bbox 1911 2213 2308 2331; x_wconf 87' lang='lat' dir='ltr'><strong>compressione.—</strong></span> 
     </span>
     <span class='ocr_line' id='line_1_15' title="bbox 521 2341 2308 2459; baseline 0.002 -35"><span class='ocrx_word' id='word_1_113' title='bbox 521 2341 731 2428; x_wconf 77' lang='lat' dir='ltr'><strong>llrcauns&#39;r</strong></span> <span class='ocrx_word' id='word_1_114' title='bbox 764 2343 894 2428; x_wconf 90' lang='lat' dir='ltr'><strong>novit</strong></span> <span class='ocrx_word' id='word_1_115' title='bbox 927 2343 1131 2448; x_wconf 86' lang='lat' dir='ltr'><strong>militem,</strong></span> <span class='ocrx_word' id='word_1_116' title='bbox 1166 2342 1248 2452; x_wconf 92' lang='lat' dir='ltr'><strong>qui</strong></span> <span class='ocrx_word' id='word_1_117' title='bbox 1280 2370 1304 2423; x_wconf 92' lang='lat' dir='ltr'><strong>a</strong></span> <span class='ocrx_word' id='word_1_118' title='bbox 1338 2341 1527 2424; x_wconf 83' lang='lat' dir='ltr'><strong>vulnere</strong></span> <span class='ocrx_word' id='word_1_119' title='bbox 1561 2344 1825 2456; x_wconf 89' lang='lat' dir='ltr'><strong>sclopetario</strong></span> <span class='ocrx_word' id='word_1_120' title='bbox 1857 2347 1915 2430; x_wconf 89' lang='lat' dir='ltr'><strong>ad</strong></span> <span class='ocrx_word' id='word_1_121' title='bbox 1945 2343 2142 2459; x_wconf 88' lang='lat' dir='ltr'><strong>pectoris</strong></span> <span class='ocrx_word' id='word_1_122' title='bbox 2191 2345 2308 2433; x_wconf 88' lang='lat' dir='ltr'><strong>latus</strong></span> 
     </span>
     <span class='ocr_line' id='line_1_16' title="bbox 521 2466 2307 2590; baseline 0 -38"><span class='ocrx_word' id='word_1_123' title='bbox 521 2497 622 2552; x_wconf 92' lang='lat' dir='ltr'><strong>cum</strong></span> <span class='ocrx_word' id='word_1_124' title='bbox 657 2466 798 2572; x_wconf 78' lang='lat' dir='ltr'><strong>fracti</strong></span> <span class='ocrx_word' id='word_1_125' title='bbox 816 2479 935 2553; x_wconf 85' lang='lat' dir='ltr'><strong>costa</strong></span> <span class='ocrx_word' id='word_1_126' title='bbox 965 2468 1143 2554; x_wconf 84' lang='lat' dir='ltr'><strong>sanitati</strong></span> <span class='ocrx_word' id='word_1_127' title='bbox 1166 2467 1402 2554; x_wconf 81' lang='lat' dir='ltr'><strong>restitutus</strong></span> <span class='ocrx_word' id='word_1_128' title='bbox 1417 2468 1667 2581; x_wconf 87' lang='lat' dir='ltr'><strong>prolapsum</strong></span> <span class='ocrx_word' id='word_1_129' title='bbox 1685 2467 1767 2586; x_wconf 79' lang='lat' dir='ltr'><strong>(sic</strong></span> <span class='ocrx_word' id='word_1_130' title='bbox 1784 2467 2195 2590; x_wconf 26' lang='lat' dir='ltr'><strong>dictamuherniaml</strong></span> <span class='ocrx_word' id='word_1_131' title='bbox 2210 2470 2307 2585; x_wconf 91' lang='lat' dir='ltr'><strong>pul·</strong></span> 
     </span>
     <span class='ocr_line' id='line_1_17' title="bbox 520 2593 2309 2711; baseline 0.001 -33"><span class='ocrx_word' id='word_1_132' title='bbox 520 2597 663 2680; x_wconf 89' lang='lat' dir='ltr'><strong>monis</strong></span> <span class='ocrx_word' id='word_1_133' title='bbox 697 2621 752 2680; x_wconf 92' lang='lat' dir='ltr'><strong>eo</strong></span> <span class='ocrx_word' id='word_1_134' title='bbox 787 2595 838 2678; x_wconf 92' lang='lat' dir='ltr'><strong>in</strong></span> <span class='ocrx_word' id='word_1_135' title='bbox 870 2596 970 2680; x_wconf 94' lang='lat' dir='ltr'><strong>loco</strong></span> <span class='ocrx_word' id='word_1_136' title='bbox 1004 2596 1177 2680; x_wconf 90' lang='lat' dir='ltr'><strong>babuit.</strong></span> <span class='ocrx_word' id='word_1_137' title='bbox 1209 2593 1377 2676; x_wconf 84' lang='lat' dir='ltr'><strong>Tumor</strong></span> <span class='ocrx_word' id='word_1_138' title='bbox 1410 2595 1518 2678; x_wconf 90' lang='lat' dir='ltr'><strong>inde</strong></span> <span class='ocrx_word' id='word_1_139' title='bbox 1553 2607 1756 2704; x_wconf 87' lang='lat' dir='ltr'><strong>exortus,</strong></span> <span class='ocrx_word' id='word_1_140' title='bbox 1790 2596 1871 2705; x_wconf 90' lang='lat' dir='ltr'><strong>qui</strong></span> <span class='ocrx_word' id='word_1_141' title='bbox 1903 2596 2127 2711; x_wconf 82' lang='lat' dir='ltr'><strong>pervices</strong></span> <span class='ocrx_word' id='word_1_142' title='bbox 2151 2597 2309 2680; x_wconf 89' lang='lat' dir='ltr'><strong>demit-</strong></span> 
     </span>
     <span class='ocr_line' id='line_1_18' title="bbox 524 2720 2308 2840; baseline 0 -36"><span class='ocrx_word' id='word_1_143' title='bbox 524 2723 703 2836; x_wconf 84' lang='lat' dir='ltr'><strong>tebatur</strong></span> <span class='ocrx_word' id='word_1_144' title='bbox 737 2732 787 2806; x_wconf 91' lang='lat' dir='ltr'><strong>et</strong></span> <span class='ocrx_word' id='word_1_145' title='bbox 824 2721 1082 2830; x_wconf 86' lang='lat' dir='ltr'><strong>tollebatur,</strong></span> <span class='ocrx_word' id='word_1_146' title='bbox 1114 2722 1248 2836; x_wconf 91' lang='lat' dir='ltr'><strong>plane</strong></span> <span class='ocrx_word' id='word_1_147' title='bbox 1291 2721 1391 2804; x_wconf 93' lang='lat' dir='ltr'><strong>tolli</strong></span> <span class='ocrx_word' id='word_1_148' title='bbox 1439 2720 1657 2833; x_wconf 84' lang='lat' dir='ltr'><strong>potuisset</strong></span> <span class='ocrx_word' id='word_1_149' title='bbox 1703 2747 1787 2835; x_wconf 90' lang='lat' dir='ltr'><strong>per</strong></span> <span class='ocrx_word' id='word_1_150' title='bbox 1833 2749 1988 2808; x_wconf 90' lang='lat' dir='ltr'><strong>manus</strong></span> <span class='ocrx_word' id='word_1_151' title='bbox 2027 2725 2308 2840; x_wconf 81' lang='lat' dir='ltr'><strong>compressio-</strong></span> 
     </span>
     <span class='ocr_line' id='line_1_19' title="bbox 519 2846 2451 2962; baseline 0.001 -28"><span class='ocrx_word' id='word_1_152' title='bbox 519 2873 637 2950; x_wconf 71' lang='lat' dir='ltr'><strong>nem,</strong></span> <span class='ocrx_word' id='word_1_153' title='bbox 673 2846 795 2933; x_wconf 88' lang='lat' dir='ltr'><strong>Talis</strong></span> <span class='ocrx_word' id='word_1_154' title='bbox 826 2850 1052 2962; x_wconf 88' lang='lat' dir='ltr'><strong>prolapsus</strong></span> <span class='ocrx_word' id='word_1_155' title='bbox 1084 2846 1308 2961; x_wconf 87' lang='lat' dir='ltr'><strong>pulmonis</strong></span> <span class='ocrx_word' id='word_1_156' title='bbox 1341 2847 1652 2932; x_wconf 80' lang='lat' dir='ltr'><strong>consecutivus</strong></span> <span class='ocrx_word' id='word_1_157' title='bbox 1684 2873 1801 2960; x_wconf 86' lang='lat' dir='ltr'><strong>saepe</strong></span> <span class='ocrx_word' id='word_1_158' title='bbox 1832 2860 1932 2962; x_wconf 83' lang='lat' dir='ltr'><strong>post</strong></span> <span class='ocrx_word' id='word_1_159' title='bbox 1963 2851 2206 2933; x_wconf 87' lang='lat' dir='ltr'><strong>multorum</strong></span> <span class='ocrx_word' id='word_1_160' title='bbox 2236 2877 2309 2933; x_wconf 89' lang='lat' dir='ltr'><strong>an·</strong></span> <span class='ocrx_word' id='word_1_161' title='bbox 2450 2929 2451 2936; x_wconf 36' lang='lat'><strong>.</strong></span> 
     </span>
     <span class='ocr_line' id='line_1_20' title="bbox 520 2959 2307 3094; baseline 0.003 -38"><span class='ocrx_word' id='word_1_162' title='bbox 520 3003 683 3058; x_wconf 87' lang='lat' dir='ltr'><strong>norum</strong></span> <span class='ocrx_word' id='word_1_163' title='bbox 716 3003 742 3072; x_wconf 81' lang='lat' dir='ltr'><strong>a</strong></span> <span class='ocrx_word' id='word_1_164' title='bbox 774 2976 966 3061; x_wconf 88' lang='lat' dir='ltr'><strong>vulnere</strong></span> <span class='ocrx_word' id='word_1_165' title='bbox 1000 2972 1199 3081; x_wconf 86' lang='lat' dir='ltr'><strong>inflicto,</strong></span> <span class='ocrx_word' id='word_1_166' title='bbox 1240 2959 1476 3058; x_wconf 80' lang='lat' dir='ltr'><strong>decursum</strong></span> <span class='ocrx_word' id='word_1_167' title='bbox 1526 2999 1618 3058; x_wconf 87' lang='lat' dir='ltr'><strong>sese</strong></span> <span class='ocrx_word' id='word_1_168' title='bbox 1667 2973 1791 3058; x_wconf 88' lang='lat' dir='ltr'><strong>inter</strong></span> <span class='ocrx_word' id='word_1_169' title='bbox 1832 2985 2085 3088; x_wconf 86' lang='lat' dir='ltr'><strong>opportuna</strong></span> <span class='ocrx_word' id='word_1_170' title='bbox 2116 2973 2307 3094; x_wconf 68' lang='lat' dir='ltr'><strong>[causam</strong></span> 
     </span>
     <span class='ocr_line' id='line_1_21' title="bbox 463 3097 2307 3221; baseline 0.001 -36"><span class='ocrx_word' id='word_1_171' title='bbox 463 3100 468 3118; x_wconf 87' lang='lat'>&#39;</span> <span class='ocrx_word' id='word_1_172' title='bbox 523 3097 862 3221; x_wconf 79' lang='lat' dir='ltr'><strong>occasionalem]</strong></span> <span class='ocrx_word' id='word_1_173' title='bbox 897 3102 1034 3212; x_wconf 84' lang='lat' dir='ltr'><strong>erigit</strong></span> <span class='ocrx_word' id='word_1_174' title='bbox 1066 3101 1308 3212; x_wconf 86' lang='lat' dir='ltr'><strong>aliquando</strong></span> <span class='ocrx_word' id='word_1_175' title='bbox 1360 3110 1408 3184; x_wconf 88' lang='lat' dir='ltr'><strong>et</strong></span> <span class='ocrx_word' id='word_1_176' title='bbox 1439 3099 1584 3214; x_wconf 88' lang='lat' dir='ltr'><strong>aptius</strong></span> <span class='ocrx_word' id='word_1_177' title='bbox 1618 3109 1807 3183; x_wconf 87' lang='lat' dir='ltr'><strong>vocatur</strong></span> <span class='ocrx_word' id='word_1_178' title='bbox 1840 3103 1926 3185; x_wconf 91' lang='lat' dir='ltr'><strong>hoc</strong></span> <span class='ocrx_word' id='word_1_179' title='bbox 1960 3127 2076 3211; x_wconf 87' lang='lat' dir='ltr'><strong>casu,</strong></span> <span class='ocrx_word' id='word_1_180' title='bbox 2116 3103 2189 3184; x_wconf 92' lang='lat' dir='ltr'><strong>uti</strong></span> <span class='ocrx_word' id='word_1_181' title='bbox 2222 3103 2307 3188; x_wconf 92' lang='lat' dir='ltr'><strong>iam</strong></span> 
     </span>
    </p>
   </div>
   <div class='ocr_carea' id='block_1_4' title="bbox 522 3226 2451 3340">
    <p class='ocr_par' dir='ltr' id='par_1_4' title="bbox 522 3226 2451 3340">
     <span class='ocr_line' id='line_1_22' title="bbox 522 3226 2451 3340; baseline -0.001 -28"><span class='ocrx_word' id='word_1_182' title='bbox 522 3228 740 3334; x_wconf 82' lang='lat' dir='ltr'><strong>diximus,</strong></span> <span class='ocrx_word' id='word_1_183' title='bbox 773 3253 951 3326; x_wconf 74' lang='lat' dir='ltr'><strong>anunm</strong></span> <span class='ocrx_word' id='word_1_184' title='bbox 984 3227 1263 3340; x_wconf 90' lang='lat' dir='ltr'><strong>pulmonalis.</strong></span> <span class='ocrx_word' id='word_1_185' title='bbox 1297 3229 1579 3312; x_wconf 88' lang='lat' dir='ltr'><strong>Documento</strong></span> <span class='ocrx_word' id='word_1_186' title='bbox 1613 3226 1795 3336; x_wconf 86' lang='lat' dir='ltr'><strong>quidem</strong></span> <span class='ocrx_word' id='word_1_187' title='bbox 1844 3229 1991 3312; x_wconf 89' lang='lat' dir='ltr'><strong>adbuc</strong></span> <span class='ocrx_word' id='word_1_188' title='bbox 2040 3237 2107 3314; x_wconf 84' lang='lat' dir='ltr'><strong>est</strong></span> <span class='ocrx_word' id='word_1_189' title='bbox 2156 3253 2308 3314; x_wconf 85' lang='lat' dir='ltr'><strong>exem·</strong></span> <span class='ocrx_word' id='word_1_190' title='bbox 2450 3287 2451 3302; x_wconf 63' lang='lat'><strong>.</strong></span> 
     </span>
    </p>
   </div>
   <div class='ocr_carea' id='block_1_5' title="bbox 522 3349 2451 4605">
    <p class='ocr_par' dir='ltr' id='par_1_5' title="bbox 522 3349 2451 4605">
     <span class='ocr_line' id='line_1_23' title="bbox 522 3349 2309 3466; baseline 0.002 -32"><span class='ocrx_word' id='word_1_191' title='bbox 522 3354 645 3466; x_wconf 92' lang='lat' dir='ltr'><strong>plum</strong></span> <span class='ocrx_word' id='word_1_192' title='bbox 678 3349 1274 3466; x_wconf 66' lang='lat' dir='ltr'><strong>chnunasn10),qui.eum</strong></span> <span class='ocrx_word' id='word_1_193' title='bbox 1306 3352 1502 3438; x_wconf 85' lang='lat' dir='ltr'><strong>novisset</strong></span> <span class='ocrx_word' id='word_1_194' title='bbox 1535 3353 1586 3436; x_wconf 92' lang='lat' dir='ltr'><strong>in</strong></span> <span class='ocrx_word' id='word_1_195' title='bbox 1628 3352 1881 3438; x_wconf 83' lang='lat' dir='ltr'><strong>nosocomio</strong></span> <span class='ocrx_word' id='word_1_196' title='bbox 1930 3353 2121 3440; x_wconf 88' lang='lat' dir='ltr'><strong>militem</strong></span> <span class='ocrx_word' id='word_1_197' title='bbox 2171 3382 2309 3466; x_wconf 92' lang='lat' dir='ltr'><strong>quen·</strong></span> 
     </span>
     <span class='ocr_line' id='line_1_24' title="bbox 522 3478 2309 3594; baseline 0.001 -30"><span class='ocrx_word' id='word_1_198' title='bbox 522 3481 622 3564; x_wconf 91' lang='lat' dir='ltr'><strong>dam</strong></span> <span class='ocrx_word' id='word_1_199' title='bbox 657 3484 713 3563; x_wconf 93' lang='lat' dir='ltr'><strong>ad</strong></span> <span class='ocrx_word' id='word_1_200' title='bbox 746 3479 955 3588; x_wconf 81' lang='lat' dir='ltr'><strong>Mogunn</strong></span> <span class='ocrx_word' id='word_1_201' title='bbox 984 3481 1268 3566; x_wconf 85' lang='lat' dir='ltr'><strong>obsidionem</strong></span> <span class='ocrx_word' id='word_1_202' title='bbox 1300 3478 1514 3592; x_wconf 87' lang='lat' dir='ltr'><strong>pyribolo</strong></span> <span class='ocrx_word' id='word_1_203' title='bbox 1557 3481 1745 3592; x_wconf 89' lang='lat' dir='ltr'><strong>exploso</strong></span> <span class='ocrx_word' id='word_1_204' title='bbox 1795 3481 1846 3563; x_wconf 92' lang='lat' dir='ltr'><strong>in</strong></span> <span class='ocrx_word' id='word_1_205' title='bbox 1894 3484 2076 3569; x_wconf 83' lang='lat' dir='ltr'><strong>dextro&#39;</strong></span> <span class='ocrx_word' id='word_1_206' title='bbox 2113 3481 2309 3594; x_wconf 84' lang='lat' dir='ltr'><strong>pectoris</strong></span> 
     </span>
     <span class='ocr_line' id='line_1_25' title="bbox 523 3605 2309 3721; baseline 0.001 -33"><span class='ocrx_word' id='word_1_207' title='bbox 523 3608 664 3689; x_wconf 86' lang='lat' dir='ltr'><strong>latere</strong></span> <span class='ocrx_word' id='word_1_208' title='bbox 698 3607 957 3712; x_wconf 85' lang='lat' dir='ltr'><strong>sauciatum,</strong></span> <span class='ocrx_word' id='word_1_209' title='bbox 991 3607 1117 3691; x_wconf 88' lang='lat' dir='ltr'><strong>cuius</strong></span> <span class='ocrx_word' id='word_1_210' title='bbox 1149 3607 1313 3690; x_wconf 86' lang='lat' dir='ltr'><strong>vulnus</strong></span> <span class='ocrx_word' id='word_1_211' title='bbox 1346 3605 1467 3690; x_wconf 89' lang='lat' dir='ltr'><strong>intra</strong></span> <span class='ocrx_word' id='word_1_212' title='bbox 1499 3614 1582 3691; x_wconf 82' lang='lat' dir='ltr'><strong>s&#39;ex</strong></span> <span class='ocrx_word' id='word_1_213' title='bbox 1616 3631 1785 3690; x_wconf 85' lang='lat' dir='ltr'><strong>menses</strong></span> <span class='ocrx_word' id='word_1_214' title='bbox 1817 3616 1916 3718; x_wconf 87' lang='lat' dir='ltr'><strong>post</strong></span> <span class='ocrx_word' id='word_1_215' title='bbox 1946 3606 2146 3721; x_wconf 88' lang='lat' dir='ltr'><strong>plurium</strong></span> <span class='ocrx_word' id='word_1_216' title='bbox 2193 3605 2309 3717; x_wconf 81' lang='lat' dir='ltr'><strong>frag·</strong></span> 
     </span>
     <span class='ocr_line' id='line_1_26' title="bbox 524 3730 2451 3850; baseline 0 -36"><span class='ocrx_word' id='word_1_217' title='bbox 524 3741 777 3820; x_wconf 86' lang='lat' dir='ltr'><strong>mentorum</strong></span> <span class='ocrx_word' id='word_1_218' title='bbox 811 3733 971 3816; x_wconf 86' lang='lat' dir='ltr'><strong>ossium</strong></span> <span class='ocrx_word' id='word_1_219' title='bbox 1004 3730 1350 3842; x_wconf 80' lang='lat' dir='ltr'><strong>exsoliationem</strong></span> <span class='ocrx_word' id='word_1_220' title='bbox 1385 3732 1592 3816; x_wconf 89' lang='lat' dir='ltr'><strong>cicatrice</strong></span> <span class='ocrx_word' id='word_1_221' title='bbox 1627 3733 1873 3815; x_wconf 88' lang='lat' dir='ltr'><strong>obductum</strong></span> <span class='ocrx_word' id='word_1_222' title='bbox 1906 3745 2018 3841; x_wconf 86' lang='lat' dir='ltr'><strong>erat,</strong></span> <span class='ocrx_word' id='word_1_223' title='bbox 2034 3733 2128 3848; x_wconf 72' lang='lat' dir='ltr'><strong>ipae</strong></span> <span class='ocrx_word' id='word_1_224' title='bbox 2145 3761 2313 3846; x_wconf 86' lang='lat' dir='ltr'><strong>exper·</strong></span> <span class='ocrx_word' id='word_1_225' title='bbox 2450 3839 2451 3850; x_wconf 56' lang='lat'><strong>.</strong></span> 
     </span>
     <span class='ocr_line' id='line_1_27' title="bbox 527 3852 2451 3972; baseline 0.001 -28"><span class='ocrx_word' id='word_1_226' title='bbox 527 3871 595 3944; x_wconf 92' lang='lat' dir='ltr'><strong>tus</strong></span> <span class='ocrx_word' id='word_1_227' title='bbox 628 3859 769 3942; x_wconf 87' lang='lat' dir='ltr'><strong>addit:</strong></span> <span class='ocrx_word' id='word_1_228' title='bbox 802 3858 977 3970; x_wconf 91' lang='lat' dir='ltr'><strong>aliquot</strong></span> <span class='ocrx_word' id='word_1_229' title='bbox 1009 3859 1138 3942; x_wconf 88' lang='lat' dir='ltr'><strong>annis</strong></span> <span class='ocrx_word' id='word_1_230' title='bbox 1171 3859 1338 3942; x_wconf 87' lang='lat' dir='ltr'><strong>dehinc</strong></span> <span class='ocrx_word' id='word_1_231' title='bbox 1373 3852 1529 3972; x_wconf 89' lang='lat' dir='ltr'><strong>elapsis</strong></span> <span class='ocrx_word' id='word_1_232' title='bbox 1560 3858 1683 3941; x_wconf 91' lang='lat' dir='ltr'><strong>inter</strong></span> <span class='ocrx_word' id='word_1_233' title='bbox 1715 3884 1890 3967; x_wconf 83' lang='lat' dir='ltr'><strong>gravem</strong></span> <span class='ocrx_word' id='word_1_234' title='bbox 1915 3861 2066 3944; x_wconf 89' lang='lat' dir='ltr'><strong>oneris</strong></span> <span class='ocrx_word' id='word_1_235' title='bbox 2083 3860 2312 3946; x_wconf 81' lang='lat' dir='ltr'><strong>cuiusdam</strong></span> <span class='ocrx_word' id='word_1_236' title='bbox 2450 3863 2451 3876; x_wconf 69' lang='lat'><em>&#39;</em></span> 
     </span>
     <span class='ocr_line' id='line_1_28' title="bbox 527 3981 2311 4096; baseline 0.001 -28"><span class='ocrx_word' id='word_1_237' title='bbox 527 3985 721 4070; x_wconf 90' lang='lat' dir='ltr'><strong>tollendi</strong></span> <span class='ocrx_word' id='word_1_238' title='bbox 752 3985 1070 4092; x_wconf 77' lang='lat' dir='ltr'><strong>intensionem,</strong></span> <span class='ocrx_word' id='word_1_239' title='bbox 1104 3985 1376 4073; x_wconf 82' lang='lat' dir='ltr'><strong>citratricem</strong></span> <span class='ocrx_word' id='word_1_240' title='bbox 1419 3983 1645 4068; x_wconf 83' lang='lat' dir='ltr'><strong>refrictam</strong></span> <span class='ocrx_word' id='word_1_241' title='bbox 1677 3981 1828 4091; x_wconf 85' lang='lat' dir='ltr'><strong>fuisse3</strong></span> <span class='ocrx_word' id='word_1_242' title='bbox 1876 3985 1957 4068; x_wconf 91' lang='lat' dir='ltr'><strong>ubi</strong></span> <span class='ocrx_word' id='word_1_243' title='bbox 2007 3991 2191 4096; x_wconf 89' lang='lat' dir='ltr'><strong>quidem</strong></span> <span class='ocrx_word' id='word_1_244' title='bbox 2242 3997 2311 4070; x_wconf 89' lang='lat' dir='ltr'><strong>tu·</strong></span> 
     </span>
     <span class='ocr_line' id='line_1_29' title="bbox 525 4109 2310 4223; baseline 0.003 -29"><span class='ocrx_word' id='word_1_245' title='bbox 525 4139 708 4220; x_wconf 91' lang='lat' dir='ltr'><strong>morem,</strong></span> <span class='ocrx_word' id='word_1_246' title='bbox 741 4111 816 4196; x_wconf 93' lang='lat' dir='ltr'><strong>ovi</strong></span> <span class='ocrx_word' id='word_1_247' title='bbox 849 4112 1177 4221; x_wconf 85' lang='lat' dir='ltr'><strong>magnitudine,</strong></span> <span class='ocrx_word' id='word_1_248' title='bbox 1209 4109 1403 4217; x_wconf 91' lang='lat' dir='ltr'><strong>mollem,</strong></span> <span class='ocrx_word' id='word_1_249' title='bbox 1444 4109 1610 4194; x_wconf 89' lang='lat' dir='ltr'><strong>doloris</strong></span> <span class='ocrx_word' id='word_1_250' title='bbox 1659 4119 1897 4223; x_wconf 86' lang='lat' dir='ltr'><strong>expertem</strong></span> <span class='ocrx_word' id='word_1_251' title='bbox 1952 4124 2168 4207; x_wconf 80' lang='lat' dir='ltr'><strong>exortum</strong></span> <span class='ocrx_word' id='word_1_252' title='bbox 2217 4139 2310 4200; x_wconf 87' lang='lat' dir='ltr'><strong>esse</strong></span> 
     </span>
     <span class='ocr_line' id='line_1_30' title="bbox 525 4236 2310 4350; baseline 0 -28"><span class='ocrx_word' id='word_1_253' title='bbox 525 4239 605 4346; x_wconf 90' lang='lat' dir='ltr'><strong>ait,</strong></span> <span class='ocrx_word' id='word_1_254' title='bbox 639 4237 718 4348; x_wconf 90' lang='lat' dir='ltr'><strong>qui</strong></span> <span class='ocrx_word' id='word_1_255' title='bbox 750 4239 879 4324; x_wconf 90' lang='lat' dir='ltr'><strong>annis</strong></span> <span class='ocrx_word' id='word_1_256' title='bbox 913 4241 1087 4322; x_wconf 83' lang='lat' dir='ltr'><strong>duobus</strong></span> <span class='ocrx_word' id='word_1_257' title='bbox 1105 4236 1267 4350; x_wconf 83' lang='lat' dir='ltr'><strong>elapsis</strong></span> <span class='ocrx_word' id='word_1_258' title='bbox 1277 4240 1335 4320; x_wconf 87' lang='lat' dir='ltr'><strong>ad</strong></span> <span class='ocrx_word' id='word_1_259' title='bbox 1350 4241 1542 4320; x_wconf 91' lang='lat' dir='ltr'><strong>duorum</strong></span> <span class='ocrx_word' id='word_1_260' title='bbox 1565 4263 1816 4348; x_wconf 82' lang='lat' dir='ltr'><strong>pugnorum</strong></span> <span class='ocrx_word' id='word_1_261' title='bbox 1838 4237 2195 4345; x_wconf 83' lang='lat' dir='ltr'><strong>magnitudinem</strong></span> <span class='ocrx_word' id='word_1_262' title='bbox 2211 4267 2310 4324; x_wconf 89' lang='lat' dir='ltr'><strong>auo-</strong></span> 
     </span>
     <span class='ocr_line' id='line_1_31' title="bbox 529 4362 2312 4482; baseline 0.003 -35"><span class='ocrx_word' id='word_1_263' title='bbox 529 4374 598 4448; x_wconf 88' lang='lat' dir='ltr'><strong>tus</strong></span> <span class='ocrx_word' id='word_1_264' title='bbox 649 4366 962 4476; x_wconf 90' lang='lat' dir='ltr'><strong>obductusque</strong></span> <span class='ocrx_word' id='word_1_265' title='bbox 1012 4364 1100 4447; x_wconf 90' lang='lat' dir='ltr'><strong>lata</strong></span> <span class='ocrx_word' id='word_1_266' title='bbox 1151 4363 1361 4448; x_wconf 86' lang='lat' dir='ltr'><strong>cicatrice</strong></span> <span class='ocrx_word' id='word_1_267' title='bbox 1394 4391 1476 4479; x_wconf 91' lang='lat' dir='ltr'><strong>per</strong></span> <span class='ocrx_word' id='word_1_268' title='bbox 1509 4362 1846 4482; x_wconf 88' lang='lat' dir='ltr'><strong>inspirationem</strong></span> <span class='ocrx_word' id='word_1_269' title='bbox 1879 4363 2197 4480; x_wconf 77' lang='lat' dir='ltr'><strong>intaunetcere,</strong></span> <span class='ocrx_word' id='word_1_270' title='bbox 2227 4391 2312 4482; x_wconf 84' lang='lat' dir='ltr'><strong>per</strong></span> 
     </span>
     <span class='ocr_line' id='line_1_32' title="bbox 529 4489 1397 4605; baseline 0.005 -31"><span class='ocrx_word' id='word_1_271' title='bbox 529 4491 862 4605; x_wconf 86' lang='lat' dir='ltr'><strong>expirationem</strong></span> <span class='ocrx_word' id='word_1_272' title='bbox 877 4518 985 4578; x_wconf 86' lang='lat' dir='ltr'><strong>vero</strong></span> <span class='ocrx_word' id='word_1_273' title='bbox 1018 4489 1200 4577; x_wconf 85' lang='lat' dir='ltr'><strong>demitti</strong></span> <span class='ocrx_word' id='word_1_274' title='bbox 1215 4493 1397 4578; x_wconf 85' lang='lat' dir='ltr'><strong>solebat.</strong></span> 
     </span>
    </p>
   </div>
   <div class='ocr_carea' id='block_1_6' title="bbox 1245 4654 1556 4768">
    <p class='ocr_par' dir='ltr' id='par_1_6' title="bbox 1245 4654 1556 4768">
     <span class='ocr_line' id='line_1_33' title="bbox 1245 4654 1556 4768; baseline 0.013 -28"><span class='ocrx_word' id='word_1_275' title='bbox 1245 4685 1249 4692; x_wconf 93' lang='lat'><em>·</em></span> <span class='ocrx_word' id='word_1_276' title='bbox 1337 4654 1556 4768; x_wconf 69' lang='lat'><strong>5165..</strong></span> 
     </span>
    </p>
   </div>
   <div class='ocr_carea' id='block_1_7' title="bbox 533 4797 2451 5070">
    <p class='ocr_par' dir='ltr' id='par_1_7' title="bbox 533 4797 2451 5070">
     <span class='ocr_line' id='line_1_34' title="bbox 593 4797 2451 4938; baseline -0.003 -34"><span class='ocrx_word' id='word_1_277' title='bbox 593 4803 652 4904; x_wconf 85' lang='lat' dir='ltr'><strong>In</strong></span> <span class='ocrx_word' id='word_1_278' title='bbox 686 4845 789 4905; x_wconf 87' lang='lat' dir='ltr'><strong>casu</strong></span> <span class='ocrx_word' id='word_1_279' title='bbox 822 4821 903 4906; x_wconf 92' lang='lat' dir='ltr'><strong>ubi</strong></span> <span class='ocrx_word' id='word_1_280' title='bbox 936 4821 1162 4936; x_wconf 82' lang='lat' dir='ltr'><strong>prolapsus</strong></span> <span class='ocrx_word' id='word_1_281' title='bbox 1194 4797 1482 4907; x_wconf 80' lang='lat' dir='ltr'><strong>secundarius</strong></span> <span class='ocrx_word' id='word_1_282' title='bbox 1513 4817 1785 4938; x_wconf 86' lang='lat' dir='ltr'><strong>pulmonum</strong></span> <span class='ocrx_word' id='word_1_283' title='bbox 1804 4821 1952 4908; x_wconf 90' lang='lat' dir='ltr'><strong>locum</strong></span> <span class='ocrx_word' id='word_1_284' title='bbox 1991 4823 2144 4934; x_wconf 91' lang='lat' dir='ltr'><strong>habet,</strong></span> <span class='ocrx_word' id='word_1_285' title='bbox 2194 4852 2324 4913; x_wconf 82' lang='lat' dir='ltr'><strong>sana.</strong></span> <span class='ocrx_word' id='word_1_286' title='bbox 2450 4859 2451 4886; x_wconf 52' lang='lat' dir='ltr'><strong>v</strong></span> 
     </span>
     <span class='ocr_line' id='line_1_35' title="bbox 533 4946 2322 5070; baseline 0.007 -38"><span class='ocrx_word' id='word_1_287' title='bbox 533 4948 648 5032; x_wconf 91' lang='lat' dir='ltr'><strong>tioni</strong></span> <span class='ocrx_word' id='word_1_288' title='bbox 688 4947 784 5033; x_wconf 82' lang='lat' dir='ltr'><strong>eius</strong></span> <span class='ocrx_word' id='word_1_289' title='bbox 825 4947 876 5032; x_wconf 92' lang='lat' dir='ltr'><strong>in</strong></span> <span class='ocrx_word' id='word_1_290' title='bbox 915 4959 1071 5062; x_wconf 81' lang='lat' dir='ltr'><strong>pectus</strong></span> <span class='ocrx_word' id='word_1_291' title='bbox 1110 4948 1197 5054; x_wconf 80' lang='lat' dir='ltr'><strong>iam</strong></span> <span class='ocrx_word' id='word_1_292' title='bbox 1236 4946 1415 5033; x_wconf 87' lang='lat' dir='ltr'><strong>reducti</strong></span> <span class='ocrx_word' id='word_1_293' title='bbox 1455 4947 1653 5033; x_wconf 88' lang='lat' dir='ltr'><strong>modicus</strong></span> <span class='ocrx_word' id='word_1_294' title='bbox 1692 4973 1863 5065; x_wconf 83' lang='lat' dir='ltr'><strong>pressus</strong></span> <span class='ocrx_word' id='word_1_295' title='bbox 1896 4977 1979 5070; x_wconf 84' lang='lat' dir='ltr'><strong>per</strong></span> <span class='ocrx_word' id='word_1_296' title='bbox 2009 4951 2251 5070; x_wconf 86' lang='lat' dir='ltr'><strong>pulvillum</strong></span> <span class='ocrx_word' id='word_1_297' title='bbox 2287 4983 2322 5044; x_wconf 87' lang='lat' dir='ltr'><strong>e</strong></span> 
     </span>
    </p>
   </div>
   <div class='ocr_carea' id='block_1_8' title="bbox 529 5151 1751 5344">
    <p class='ocr_par' dir='ltr' id='par_1_8' title="bbox 529 5151 1751 5344">
     <span class='ocr_line' id='line_1_36' title="bbox 530 5151 1217 5241; baseline 0.001 -23"><span class='ocrx_word' id='word_1_298' title='bbox 530 5151 573 5241; x_wconf 92' lang='lat' dir='ltr'><strong>b)</strong></span> <span class='ocrx_word' id='word_1_299' title='bbox 602 5155 785 5221; x_wconf 67' lang='lat' dir='ltr'><strong>Sasima.</strong></span> <span class='ocrx_word' id='word_1_300' title='bbox 813 5175 842 5220; x_wconf 83' lang='grc' dir='ltr'><strong>ι.</strong></span> <span class='ocrx_word' id='word_1_301' title='bbox 872 5177 901 5222; x_wconf 89' lang='lat' dir='ltr'><strong>c.</strong></span> <span class='ocrx_word' id='word_1_302' title='bbox 929 5157 969 5220; x_wconf 89' lang='lat' dir='ltr'><strong>T.</strong></span> <span class='ocrx_word' id='word_1_303' title='bbox 997 5159 1042 5220; x_wconf 92' lang='lat'><strong>11.</strong></span> <span class='ocrx_word' id='word_1_304' title='bbox 1069 5173 1105 5241; x_wconf 90' lang='lat' dir='ltr'><strong>p.</strong></span> <span class='ocrx_word' id='word_1_305' title='bbox 1137 5155 1217 5221; x_wconf 75' lang='lat'><strong>265.</strong></span> 
     </span>
     <span class='ocr_line' id='line_1_37' title="bbox 529 5251 1751 5344; baseline 0.001 -25"><span class='ocrx_word' id='word_1_306' title='bbox 529 5256 569 5342; x_wconf 88' lang='lat' dir='ltr'><strong>e)</strong></span> <span class='ocrx_word' id='word_1_307' title='bbox 606 5259 819 5324; x_wconf 73' lang='lat' dir='ltr'><strong>Racnuun.</strong></span> <span class='ocrx_word' id='word_1_308' title='bbox 846 5259 999 5344; x_wconf 80' lang='lat' dir='ltr'><strong>Nosogr.</strong></span> <span class='ocrx_word' id='word_1_309' title='bbox 1027 5251 1186 5343; x_wconf 71' lang='lat' dir='ltr'><strong>chirurg.</strong></span> <span class='ocrx_word' id='word_1_310' title='bbox 1210 5273 1242 5324; x_wconf 81' lang='grc' dir='ltr'><strong>ι.</strong></span> <span class='ocrx_word' id='word_1_311' title='bbox 1267 5275 1300 5324; x_wconf 79' lang='grc' dir='ltr'><strong>ο.</strong></span> <span class='ocrx_word' id='word_1_312' title='bbox 1325 5254 1368 5322; x_wconf 85' lang='grc' dir='ltr'><strong>Τ.</strong></span> <span class='ocrx_word' id='word_1_313' title='bbox 1395 5256 1458 5320; x_wconf 88' lang='lat' dir='ltr'><strong>Ill.</strong></span> <span class='ocrx_word' id='word_1_314' title='bbox 1485 5271 1521 5342; x_wconf 86' lang='lat' dir='ltr'><strong>p.</strong></span> <span class='ocrx_word' id='word_1_315' title='bbox 1555 5254 1751 5344; x_wconf 73' lang='lat'><strong>167—168.</strong></span> 
     </span>
    </p>
   </div>
   <div class='ocr_carea' id='block_1_9' title="bbox 0 0 2476 6048">
    <p class='ocr_par' dir='ltr' id='par_1_9' title="bbox 0 0 2476 6048">
     <span class='ocr_line' id='line_1_38' title="bbox 0 0 2476 6048; baseline 0 0"><span class='ocrx_word' id='word_1_316' title='bbox 0 0 2476 6048; x_wconf 95' lang='lat' dir='ltr'><strong> </strong></span> 
     </span>
    </p>
   </div>
  </div>
 </body>
</html>
