4960 6054
1032 465 1091 548 ab

169 717 254 777 nus
286 690 337 775 in
370 689 798 805 flium-irrumpere,
864 689 997 776 sicuti
1031 690 1166 776 etiam
1205 693 1351 774 adrem
1385 687 1629 800 aliquando
1667 709 1750 804 per
1780 687 1945 778 vulnus

170 821 220 903 in
245 817 498 923 'cavitatem
526 821 712 934 excipi,
733 845 881 904 rursus
914 845 1023 903 vero
1056 817 1367 932 exspiratione
1383 843 1477 901 non
1495 819 1655 904 emitti.
1690 817 1945 930 Utrumque

168 944 243 1046 iit,
276 947 312 1030 si
346 947 524 1054 vulnus,
557 945 652 1032 sive
701 958 822 1054 ante,
856 945 948 1032 sive
986 955 1097 1058 ‚post
1130 946 1243 1032 airis
1292 943 1546 1052 influxum,
1579 947 1726 1059 adipe,
1775 947 1947 1055 sangui-

169 1075 241 1158 nis·
290 1074 492 1184 coagulo,
539 1074 615 1155 -vel
635 1074 868 1183 ejusmodi
916 1072 1001 1158 alia
1036 1099 1086 1157 re
1118 1073 1389 1172 obstruatur.
1433 1071 1569 1175 Quod
1603 1073 1785 1182 quidem
1834 1101 1946 1186 prae-

173 1202 307 1314 cipue
342 1201 508 1285 acoidit
548 1200 598 1284 in
631 1203 896 1287 vulneribus
944 1200 1289 1310 angustioribus,
1339 1198 1525 1308 oblique
1571 1200 1859 1284 uenientibus
1897 1209 1977 1303 ¹et·

170 1329 437 1412 vulneribus
476 1329 657 1440 punctis
691 1355 924 1442 corporum
957 1329 1209 1471 pinguirun.
1241 1325 1322 1434 At,
1356 1353 1415 1410 ne
1449 1323 1604 1410 falsum
1638 1327 1813 1436 aliquid
1845 1355 1946 1410 con·

170 1453 374 1538 cludere
389 1455 668 1563 inducamur,
685 1457 842 1540 adhoc
860 1456 1056 1539 maxime
1073 1455 1267 1538 animum
1285 1456 1521 1549 advertere
1546 1480 1655 1567 opus
1689 1464 1770 1562 est,
1794 1480 1946 1538 annon

170 1607 319 1663 rerum
352 1584 410 1663 ad
449 1582 612 1665 vulnus
651 1583 1131 1698 appropinquatarum,
1168 1579 1222 1663 ui
1254 1579 1446 1664 flammae
1479 1591 1526 1664 et
1559 1579 1770 1665 similium
1789 1590 1946 1704 motus

169 1733 466 1794 uxrumsucus
499 1708 736 1794 oriatur.-

991 1837 1017 1950 §
1054 1809 1130 1939 ιγ.

759 2001 1356 2069 Vuauuaisrnoaoarro

235 2140 372 2242 Quod
404 2141 536 2224 situm
570 2139 751 2249 attinet,
785 2125 1057 2252 quo'vulnus
1075 2139 1278 2250 indagari
1293 2149 1455 2254 potest,
1490 2143 1548 2226 de
1567 2165 1620 2229 eo
1635 2141 1721 2249 jam
1740 2143 1796 2223 ad
1824 2139 1852 2254 5
1887 2167 1940 2225 ιι

168 2266 415 2382 necessaria
447 2268 700 2374 adjecimus.
736 2266 812 2352 Fit
845 2293 953 2352 vero
987 2268 1216 2376 indagatio
1250 2267 1356 2381 ipsa:
1396 2263 1467 2384 A)
1499 2295 1581 2382 per
1630 2294 1834 2353 saucians
1866 2277 1945 2350 aut

168 2391 226 2511 B)
258 2421 340 2507 per
373 2421 656 2502 nosocomum,
690 2423 792 2508 quae
827 2394 1010 2508 quidem
1045 2389 1237 2506 ultaque
1270 2395 1410 2480 fustus
1444 2419 1679 2508 exponere
1696 2420 1832 2510 opere
1848 2420 1951 2508 pre·-

134 2571 137 2588 ·
172 2521 280 2604 tium
317 2531 402 2622 est.
894 2585 895 2588 ι

939 2735 944 2746 ,
985 2649 1014 2764 g
1055 2655 1132 2736 ιι.

728 2779 794 2906 ἰ)
872 2817 1399 2884 sucinis..

229 2951 301 3039 De
350 2979 434 3042 ιιιιι
482 2945 765 3100 specillorum
815 2956 862 3042 et
912 2957 1213 3064 injectionum
1258 2957 1492 3070 opiniones
1539 2955 1818 3041 medicorum·
1863 2953 1952 3040 dier

169 3092 367 3194 crepant.
404 3080 544 3167 Sunt
571 3083 708 3189 enim,
758 3084 838 3192 qui
887 3085 986 3166 haec
1035 3081 1230 3174 remedia
1281 3083 1553 3192 diagnostica
1602 3094 1654 3166 ut
1704 3081 1949 3166 certissima

166 3233 338 3320 semper
380 3199 416 3274 f)
446 3213 780 3316 commendant,
820 3209 898 3292 alii
931 3211 1029 3290 haec
1062 3193 1143 3292 sub
1177 3208 1317 3292 certis
1360 3207 1697 3293 conditionibus
1728 3199 1758 3272 ὅ)
1791 3207 1952 3292 admit·

171 3343 290 3442 tunt,
322 3334 400 3418 alii
433 3362 540 3431 vero
574 3335 762 3419 omnino
790 3335 1015 3442 rejiciunt
1040 3335 1133 3442 illa,
1167 3355 1333 3442 (Tuder.
1358 3356 1519 3422 Mlmoa're
1544 3377 1599 3422 sor
1627 3360 1671 3422 ιιι
1685 3356 1846 3445 sipiciaco
1873 3377 1947 3423 son-

167 3467 220 3530 des
243 3465 356 3530 solidos
382 3477 427 3530 et
439 3485 493 3531 rur
521 3467 564 3530 ιιι
590 3466 700 3531 rondes
740 3463 965 3530 eannaues-
989 3467 1146 3530 currenni
1170 3483 1231 3548 por
1258 3452 1464 3528 l'Acodemiae
1491 3463 1599 3548 copule
1631 3464 1667 3527 de
1694 3463 1946 3548 chirurgiam

173 3555 631 3670 1784Paru.sn40)¹¹)
668 3589 754 3677 pro
783 3559 1088 3677 superfluis,
1074 3589 1206 3645 1mmo
1240 3561 1373 3646 etiam
1412 3588 1497 3674 pro
1527 3561 1688 3648 noxiis
1716 3561 1945 3687 habentes.

168 3705 361 3790 (Foulmart
386 3711 421 3770 ιἰι
448 3707 505 3771 lor
508 3707 581 3772 mol
594 3711 631 3774 de
655 3709 820 3776 Midicine
846 3719 910 3774 eu.
939 3711 1039 3774 Tom.
1067 3710 1218 3773 LXVIII.
1253 3708 1365 3795 1786)
1405 3682 1447 3774 ¹).

228 3805 426 3918 Aequali
458 3813 634 3894 modost
621 3788 706 3922 pam
741 3806 1027 3902 omuino
1028 3805 1308 3896 )utilitatem
1348 3813 1655 3959 indagationis
1678 3839 1760 3928 per
1793 3814 1947 3930 specil

166 3935 256 4020 la
242 3962 294 4018 ιιι
325 3937 512 4019 dubium
545 3965 717 4024 vocasse
751 3939 949 4048 videtur,
983 3933 1088 4048 quia
1122 3938 1297 4023 scilicet
1318 3965 1376 4024 eo
1405 3939 1501 4054 ipso
1533 3938 1765 4056 specillum
1797 3951 1946 4056 potest
2053 3935 2057 3942 ’

167 4087 351 4169 nocere,
385 4067 511 4171 quod
545 4043 755 4176 tanquam
787 4093 946 4182 corpus
979 4065 1176 4148 alienum
1208 4065 1374 4152 vulnus
1407 4071 1451 4154 u
1483 4078 1636 4180 partos¹
1662 4066 1902 4152 internas
1888 4095 1949 4151 ιι-

170 4191 306 4272 ritare
339 4190 499 4296 valeat,
532 4199 670 4301 atque
702 4194 810 4276 hinc
843 4193 1261 4301 inflammationem,
1291 4221 1394 4302 quae
1426 4193 1508 4277 vel.
1537 4196 1684 4278 adhuc
1723 4193 1949 4303 imminet,

168 4318 245 4402 vel
288 4315 374 4422 jam
424 4315 648 4427 obtinuit,
696 4329 855 4428 augeat
904 4329 952 4404 et
991 4329 1282 4433 symptomata
1329 4321 1463 4431 magia
1518 4320 1722 4430 ambigua
1771 4324 1945 4408 reddat.

170 4444 322 4545 Quum
357 4442 477 4525 enim
526 4445 690 4530 vulnus
721 4456 962 4560 penetrans
1010 4446 1172 4560 adipe,
1209 4443 1409 4558 coagulo,
1442 4446 1517 4534 vel
1565 4447 1699 4532 simili
1749 4450 1944 4534 substan·

25 4583 31 4590 '
171 4571 233 4654 tia·
279 4570 557 4654 obstructum
591 4572 664 4683 sit,
712 4575 799 4659 hoc
832 4571 926 4696 ipso
974 4573 1243 4689 impedimur
1275 4575 1513 4712 quominus
1560 4603 1589 4661 a
1634 4574 1818 4690 specillo
1852 4601 1951 4660 suo·

115 4736 133 4744 -
167 4775 200 4862 i)
229 4779 358 4840 Diouis.
386 4795 415 4842 ι.
442 4797 472 4841 c.
499 4796 534 4864 p.
568 4779 650 4863 995.

168 4877 207 4965 g)
236 4879 276 4944 G
304 4879 522 4944 Ηιιιιιιιιιιιιι
550 4875 787 4966 Abhandlbng
814 4877 886 4948 der
903 4875 1152 4952 vomehmsten
1178 4879 1443 4972 chirurgischeu
1470 4883 1715 4976 operationem
1747 4885 1785 4952 ιι
1802 4877 1947 4950 Halalae

233 4987 269 5044 et
294 4979 433 5064 Lipsiae.
469 4982 572 5064 1756.
600 4983 702 5048 Tam.
731 4981 773 5050 ΙΙ.
800 5003 836 5072 ρ.
869 5005 949 5072 ιι7.
1090 5007 1096 5013 ·

168 5079 209 5168 ιι)
236 5083 402 5146 churam
429 5078 648 5150 Bibliotheca
674 5081 873 5173 chirurgica
898 5091 997 5158 Tom.
1023 5091 1117 5160 Vlll.
1143 5107 1178 5182 p.
1207 5091 1291 5178 357.

171 5187 200 5270 i)
229 5182 365 5250 Ibidem
392 5185 491 5249 Tom.
523 5187 580 5250 iil.
608 5205 642 5273 p.
672 5187 755 5280 559.

169 5283 213 5376 k)
239 5289 422 5355 cumulo.
450 5305 480 5356 a.
508 5304 577 5376 op
596 5309 686 5377 ιιι..
