4942 6048
928 497 931 505 Α
1034 415 1195 541 ιὸὅ.“’
1330 575 1336 582 ,

186 713 238 772 re
268 685 393 774 sinit.
415 681 504 774 Sic
537 649 726 799 qlridem
762 683 886 796 follis
920 687 1112 774 thoracis
1150 689 1208 770 ad
1239 685 1437 775 medium
1469 685 1734 788 mediastino
1767 688 1972 802 separati,
2086 719 2091 730 ·

185 815 347 900 vesicae
363 825 510 924 autem
527 817 787 931 pulmonum
821 816 1055 927 utriusque
1088 816 1270 928 lateris,
1299 824 1346 900 et
1381 817 1563 898 tubulus
1597 844 1695 900 cum
1727 818 1885 918 ,vesicis
1919 827 1968 913 et

183 947 288 1026 aare
322 944 668 1028 communicatus
685 969 862 1056 asperae
894 941 1073 1026 arteriae
1122 939 1306 1026 formam
1338 967 1444 1055 prae
1478 967 1524 1026 se
1560 939 1723 1028 ferent.
1755 943 1832 1028 Ad
1865 944 1967 1028 ima·

183 1069 336 1180 ginem
358 1069 476 1152 illam
496 1071 808 1154 absolvendam
824 1095 1004 1156 necesse
1037 1081 1119 1178 est,
1151 1079 1206 1152 ut
1237 1069 1399 1154 vesicae
1431 1066 1583 1152 follem
1618 1073 1868 1184 compleant
1904 1082 1980 1154 ιον

184 1205 295 1302 tum,
342 1223 440 1280 nec
490 1196 737 1308 quidquam
786 1197 900 1284 ae'ris
947 1201 1006 1282 ad
1038 1197 1374 1304 intermedium,
1423 1200 1549 1308 quod
1581 1196 1678 1281 illas
1719 1200 1965 1308 sollemque

181 1321 445 1430 intercedat,
480 1351 710 1410 remanere
742 1323 985 1438 patiantur.

245 1447 341 1534 Iam
375 1477 482 1534 vero
516 1450 635 1536 tollis
668 1451 919 1560 manubrio,
951 1451 1153 1566 superius
1184 1452 1376 1558 elevato,
1409 1449 1582 1536 vesicae
1615 1478 1697 1564 per
1742 1414 1965 1560 tribulum,

182 1576 266 1724 qui
300 1577 450 1687 iungit
490 1589 701 1689 tetrasque
735 1583 838 1663 aare
873 1587 1071 1662 externo
1121 1579 1420 1692 complentur,
1471 1604 1525 1662 eo
1558 1589 1707 1671 autem
1757 1584 1966 1694 depresso

180 1707 330 1788 adrem
364 1705 623 1819 expellunt3
659 1710 817 1790 eodem
849 1705 982 1819 plane
1016 1711 1165 1812 modo,
1196 1734 1249 1789 ac
1281 1708 1530 1819 pulmones,
1565 1706 1644 1818 qui
1678 1717 1862 1818 pectore
1885 1733 1968 1820 per

178 1829 489 1945 inspirationis
522 1834 741 1916 musculos
774 1841 983 1939 extenso,
1017 1833 1157 1944 pleni,
1190 1859 1272 1948 per
1306 1831 1606 1945 expirationis
1654 1843 1812 1916 autem'
1852 1860 1962 1918 urus·

180 1957 305 2042 culos
344 1968 595 2066 coarctato„
616 1958 746 2044 vacui
782 1963 1050 2043 redduntur.
1078 1979 1329 2067 (introeant
1376 1979 1449 2067 ιι.)
1477 1957 1636 2068 Neque
1663 1987 1756 2042 non
1782 1961 1966 2074 emphy-

144 2085 151 2102 '
178 2085 367 2191 semotis,
400 2095 499 2199 post
532 2085 719 2170 vulnera
750 2086 945 2200 pectoris
977 2083 1268 2205 penetrantia,
1291 2084 1399 2191 orti,
1434 2086 1621 2193 genesin
1654 2097 1963 2202 representare

144 2199 301 2297 'valet
332 2211 412 2298 ille
446 2223 724 2328 apparatus,
774 2214 1012 2296 dummodo
1061 2208 1214 2297 follem
1247 2214 1303 2295 ab
1337 2222 1533 2296 externa
1555 2212 1672 2320 eius
1720 2210 1963 2327 superficie

176 2339 383 2482 qualibet
414 2338 662 2424 substantia
697 2339 818 2424 tellas
851 2338 1046 2452 corporis
1079 2335 1263 2420 humani
1297 2339 1534 2424 cellulosae
1559 2339 1693 2426 simili
1717 2343 1965 2424 obductum

174 2465 327 2549 animo
345 2467 542 2576 ‘cogites
577 2463 626 2554 Si
658 2494 682 2550 a
718 2465 906 2551 vulnere
939 2465 1134 2579 pectoris
1166 2474 1458 2578 penetrante
1471 2467 1622 2578 pulmo
1657 2465 1786 2552 simul
1819 2467 1962 2552 laesus
2039 2541 2045 2549 .

175 2599 260 2698 est,
294 2592 413 2678 idem
447 2592 726 2707 procedendi
758 2596 913 2676 modus
945 2592 1140 2698 obtinet,
1174 2619 1225 2673 ac
1258 2592 1294 2676 si
1329 2591 1378 2673 in
1412 2591 1521 2676 tolle
1554 2593 1799 2678 substantia
1827 2587 1962 2678 cellu-

176 2716 268 2802 losa
295 2709 502 2804 obducto
534 2729 583 2803 et
615 2719 667 2804 in
699 2719 942 2804 vesicarum
976 2721 1237 2812 alterutram
1254 2725 1463 2831 apertura
1480 2715 1687 2829 facienda
1714 2730 1839 2806 esset.
1858 2719 1958 2806 Hoc

176 2844 227 2928 in
259 2871 363 2932 casu
411 2846 662 2990 prorumpit
693 2849 771 2930 adr
801 2871 829 2931 e
863 2841 1008 2931 vesica
1060 2839 1311 2963 [pulmone]
1344 2857 1481 2955 atque
1516 2849 1622 2932 dum
1673 2847 1957 2930 manubrium
2069 2841 2074 2846 ’

175 2973 339 3058 elatius
375 2984 558 3070 tenetur
588 2959 732 3092 (inter
763 2969 1122 3092 inspirationem)
1155 2973 1462 3056 accumulatur
1494 2970 1618 3064 inter
1650 2971 1804 3058 follem
1850 2973 1959 3058 vesi·

173 3125 360 3224 eamque
378 3097 596 3218 (pleuram
614 3111 661 3184 et
679 3097 968 3242 pulmonem).
986 3099 1080 3184 Ubi
1099 3125 1206 3182 vero
1223 3098 1339 3183 illud
1358 3098 1628 3212 deprimitur
1660 3096 1804 3218 (inter
1830 3100 1957 3214 expi-

175 3224 418 3346 rationem]
451 3227 572 3312 follis
604 3226 797 3342 parietes
830 3223 1043 3344 (pectoris
1074 3230 1131 3310 ad
1163 3253 1297 3312 axem
1329 3224 1613 3350 accedentes)
1658 3227 1958 3339 comprimunt

173 3358 322 3439 adrem
355 3355 638 3463 el'l'luentem,
673 3353 754 3466 qui
793 3356 941 3438 locum
991 3379 1241 3463 quaerens,
1291 3381 1381 3464 quo
1431 3354 1577 3440 minus
1625 3353 1670 3439 ei
1720 3354 1968 3462 resistitur,

170 3505 267 3568 sese
300 3481 531 3595 protrudit
562 3507 646 3596 per
675 3481 890 3596 parietem
926 3481 1045 3566 l'ollis
1079 3477 1295 3600 (pleuram
1329 3478 1571 3601 costalem).
1586 3479 1700 3564 Tum
1725 3507 1833 3576 vero
1881 3485 1959 3564 aar

173 3607 236 3694 sic
270 3611 520 3724 propulsus,
552 3608 633 3692 ubi
667 3610 740 3692 vel
775 3610 911 3692 exitu
960 3609 1108 3692 libero
1157 3607 1413 3724 impeditus,
1454 3609 1528 3692 vel
1577 3610 1712 3722 plane
1762 3611 1958 3694 obstrue·

173 3743 245 3820 tus
279 3725 506 3821 retinetur
538 3730 693 3854 (utin
725 3736 921 3850 pectoris
954 3736 1222 3820 vulneribus
1253 3739 1386 3820 modo
1418 3732 1694 3855 memorato),
1743 3762 1825 3847 per
1858 3736 1956 3822 sub·
2009 3791 2020 3805 ·

133 3861 380 3944 =stantiam
413 3863 667 3966 cellulosam
699 3859 1039 3980 (subcutaneam
1074 3861 1223 3944 tellam
1274 3859 1564 3980 cellulosamJ,
1616 3887 1731 3970 quae
1780 3863 1957 3970 obtegit
2023 3957 2027 3966 ¹

171 3986 327 4070 follem
361 3982 574 4104 (pectoris
606 3984 863 4106 cavitatem)
895 3987 1147 4100 dissipatur,
1189 3996 1326 4098 atque
1344 3985 1392 4070 in
1410 3987 1488 4070 illa
1523 3996 1819 4076 extenuatur.
1853 3986 1954 4070 Hoc

172 4114 520 4257 phoenomenon
553 4116 787 4198 manubrio
819 4115 920 4200 vice
953 4115 1126 4200 alterna
1160 4116 1334 4198 elevato
1369 4119 1666 4260 depressoque
1691 4113 1950 4227 repetitum,

173 4240 373 4354 conspici
405 4247 554 4356 potest
586 4268 611 4323 a
645 4267 827 4350 quoque
862 4241 957 4325 eius
992 4241 1058 4324 rei
1093 4241 1281 4328 curioso.
1315 4243 1385 4324 De
1418 4267 1536 4324 novo
1570 4245 1662 4349 a'e'r,
1682 4267 1736 4326 eo
1754 4267 1844 4350 quo
1862 4241 1952 4325 dro-

58 4445 63 4456 .
173 4377 270 4452 tum
301 4379 369 4454 est
388 4372 519 4452 modo
552 4369 837 4464 extrinsecus
871 4369 1016 4454 lertur
1050 4379 1099 4454 et
1130 4395 1304 4486 semper
1336 4365 1528 4454 ulterius
1552 4366 1679 4496 illum
1697 4377 1844 4480 urget,
1871 4367 1953 4480 qui

168 4495 330 4594 latet
314 4523 367 4582 ιιι
402 4495 507 4583 tella
540 4495 764 4582 cellrdosa.

980 4627 1006 4740 5
1045 4629 1146 4711 136.

855 4793 1259 4859 Draouosas.

231 4925 372 5017 Hunc
403 4935 462 5016 ad
493 4935 670 5019 modum
704 4943 852 5016 ortum
887 4933 1172 5046 emphysema
1190 4931 1339 5018 eflicit
1373 4887 1591 5017 tumorem
1633 4929 1796 5018 colons
1813 4945 1950 5044 atque

168 5057 339 5143 doloris
372 5070 628 5174 expertem,
662 5060 907 5166 elasticum,
940 5061 1234 5174 pellucidum,
1269 5060 1483 5204 gelidum,
1517 5061 1598 5170 qui
1649 5061 1792 5169 digito
1832 5087 1948 5173 pres

168 5209 239 5270 sus
255 5183 388 5270 situm
405 5185 589 5296 quidem
621 5197 780 5294 mutat,
804 5191 881 5272 sed
898 5188 1022 5270 nulla
1054 5191 1228 5302 pressus
1260 5188 1356 5273 eius
1389 5187 1574 5296 vestigia
1609 5187 1846 5334 relinquit,
1864 5187 1946 5298 qui

166 5313 404 5430 strepitum
421 5313 615 5402 veluti
581 5341 696 5404 sacca
728 5317 880 5420 cltarta
910 5341 1191 5434 pergamena,
1207 5325 1286 5404 ιιιιι
1319 5315 1435 5404 sicca
1466 5314 1612 5403 vesica
1627 5317 1731 5406 aare
1748 5317 1883 5432 plena
1899 5325 1947 5404 et
