4960 6054
1396 447 1454 556 n

415 769 417 774 ,
537 670 670 756 immo
700 665 868 756 leviter
899 667 1083 756 sauciati
1116 669 1167 755 in
1198 665 1408 756 America
1441 675 1558 786 saepe
1591 667 1955 756 convulsionibus
1987 677 2035 752 et
2070 663 2220 753 trismo
2236 667 2313 751 ob·

461 845 473 868 0
534 799 670 882 noxii
703 799 831 884 fiant.
865 817 922 904 (ll.
949 821 1085 910 Bassam
1113 819 1258 886 Metron
1284 819 1406 909 lisscy's
1435 825 1467 906 p.
1496 837 1546 902 97
1570 829 1600 884 ct
1632 793 1771 904 ιοι)“).
1796 795 1910 879 Haeo
1959 794 2145 906 quidem
2186 819 2313 903 argu·

534 937 684 1012 menta
716 927 863 1033 allata,
895 926 1037 1008 multo
1070 935 1218 1011 autem
1252 927 1386 1038 magis
1419 925 1576 1011 diurni
1609 926 1765 1012 caloris
1798 951 1850 1007 ac
1882 921 2097 1006 nocturni
2130 917 2312 1028 frigoris

533 1049 748 1162 frequens
779 1051 1055 1160 vicissitudo,
1073 1051 1123 1134 in
1158 1081 1283 1139 causa
1316 1065 1434 1161 sunt,
1468 1079 1549 1137 our
1580 1057 1662 1138 sub
1677 1053 1803 1138 coelo
1823 1048 1992 1134 torrido
2012 1048 2122 1166 (quo
2139 1045 2312 1156 alioqui

535 1179 741 1288 celerius,
775 1206 905 1289 quam
937 1181 1018 1262 sub
1053 1176 1220 1287 frigido
1254 1183 1441 1265 vulnera
1475 1177 1720 1298 sanantur),
1750 1177 1944 1294 pectoris
1959 1175 2164 1270 laesiones
2195 1171 2314 1298 peri·

535 1306 774 1404 culosiores
805 1307 911 1416 sint,
944 1332 1075 1414 quam
1107 1308 1188 1389 sub
1223 1333 1334 1394 zona
1372 1307 1626 1420 temperatis.

1351 1509 1379 1624 ς
1420 1515 1494 1596 31.

1021 1739 1817 1808 Annrsaurons.

593 1939 725 2026 Anni
770 1953 965 2055 tempora
1014 1943 1200 2029 alternis
1248 1942 1421 2030 vicibus
1454 1944 1738 2030 succedentia
1769 1961 1777 1976 ·
1788 1940 2029 2057 plurimum
2078 1933 2312 2025 adomnia

528 2069 708 2178 generis
747 2070 936 2153 vulnera
965 2071 1282 2176 contribuunt,
1298 2071 1536 2156 immutant
1574 2071 1694 2156 enim
1729 2069 1991 2182 qualitatem
2025 2079 2072 2154 et
2103 2078 2313 2178 naturam

530 2218 701 2302 eorum,
735 2195 866 2280 simul
899 2223 1081 2309 quoque
1115 2195 1165 2282 id
1204 2193 1434 2306 efficiunt,
1467 2209 1523 2282 ut
1553 2207 1845 2310 symptomata
1877 2199 2007 2280 modo
2040 2194 2174 2280 latius
2216 2215 2311 2278 sese

527 2323 813 2429 extendant,
860 2329 993 2408 modo
1050 2323 1348 2410 inhibeantur
1396 2334 1443 2408 et
1491 2325 1742 2438 periculum
1794 2325 2024 2432 bonosque
2079 2331 2127 2406 et
2176 2319 2313 2403 malos

528 2445 688 2532 exitus
734 2451 973 2536 adducant.
1029 2450 1315 2564 Quapropter
1362 2449 1470 2535 leve·
1512 2450 1676 2535 vulnus
1728 2449 1865 2534 trahit
1914 2473 2060 2532 secum
2109 2471 2312 2558 saepenu-

527 2598 651 2658 mero
703 2575 927 2659 horrenda
977 2585 1293 2690 symptomata,
1341 2573 1763 2683 inflammationem,
1820 2599 2124 2684 gangrenam,
2175 2571 2311 2654 immo

526 2709 731 2783 morteml
748 2699 899 2815 ipsam,
934 2730 1074 2814 quum
1105 2701 1195 2787 alio
1228 2703 1571 2817 anni‘tempore
1605 2702 1777 2813 quaevis
1809 2701 1926 2785 bona
1959 2701 2017 2784 de
2052 2699 2131 2808 illo
2166 2722 2310 2811 spera·

525 2850 578 2909 re
618 2823 793 2912 liceret.
835 2826 968 2911 Hane
1016 2831 1074 2912 ob
1117 2855 1286 2914 calisam
1328 2824 1529 2914 ostensi)
1560 2833 1618 2912 ad
1648 2829 1887 2914 vulnerum
1921 2826 2193 2912 sanationem
2229 2847 2313 2906 ver

523 2977 608 3067 pro
642 2953 994 3038 commodissimo
1016 2965 1246 3071 tempore,
1279 2963 1542 3038 autumnum
1576 2959 1725 3038 autem
1757 2981 1839 3068 pro
1872 2953 2067 3055 maxime
2101 2947 2310 3034 nocifero

523 3079 709 3188 habens,
759 3083 817 3164 ad
856 3081 980 3164 hunc
1021 3087 1202 3165 modum
1241 3107 1287 3166 ce
1320 3079 1542 3194 exprimit
1580 3078 2034 3195 “opportunissimum
2082 3072 2311 3162 curationi

521 3203 732 3318 ,tempus
764 3232 954 3290 vernum
989 3218 1070 3315 est,
1103 3219 1182 3292 aut
1215 3217 1338 3292 c'erte
1371 3223 1524 3318 neque
1572 3205 1765 3314 fervens,
1798 3199 1950 3318 neque
1989 3203 2222 3327 frigidum,
2256 3201 2311 3286 si·

386 3345 392 3354 '
477 3326 484 3340 '
525 3329 744 3446 „quidem
776 3331 964 3416 vulnera
998 3343 1046 3415 et
1084 3332 1249 3416 nimius
1291 3331 1413 3416 calor
1446 3343 1493 3416 et
1531 3332 1747 3416 nimium'
1770 3329 1909 3441 frigus
1942 3331 2173 3436 infestant,
2224 3355 2311 3410 ma·

525 3456 690 3566 „xime
734 3467 881 3540 tamen
930 3458 1090 3540 horum
1124 3457 1381 3564 varietates,
1412 3455 1608 3570 ideoque
1641 3457 2034 3573 perniciosissimus
2066 3466 2309 3541 autumnus

523 3589 673 3690 „est.“
723 3582 954 3685 Quantum
987 3582 1171 3698 insuper
1202 3583 1312 3668 anni
1348 3594 1543 3698 tempora
1590 3571 1681 3668 vim
1723 3585 1771 3669 in
1803 3585 2041 3668 vulnerum
2074 3581 2310 3666 sanatione

507 3707 736 3816 ¹habeant,
770 3721 988 3823 expertus
1021 3721 1087 3794 est
1120 3702 1355 3796 Lnancv')
1370 3711 1421 3795 in
1454 3709 1818 3796 Franco-Gallico
1842 3709 2069 3817 exercitu,
2087 3707 2168 3819 qui
2185 3733 2310 3790 nem·

520 3859 581 3950 pe
616 3834 667 3919 in
699 3832 917 3949 Aegypto
951 3849 998 3920 et
1033 3834 1181 3948 Syriai,
1199 3848 1340 3924 vento
1357 3837 1641 3922 meridionali
1659 3831 1953 3954 (Chiamsym)
1982 3835 2195 3948 spirante,
2212 3833 2311 3914 vul·

523 3986 685 4045 nerum
723 3963 1034 4056 tractationem
1067 3991 1238 4078 semper
1272 3964 1639 4079 symptomatibus
1672 3964 1916 4077 inopinatis
1949 3961 2184 4067 retardari,
2211 3959 2312 4042 vul·

519 4113 634 4176 nera
676 4101 826 4173 autem
867 4089 958 4201 ipsa
999 4117 1082 4203 per
1123 4118 1168 4175 se
1200 4094 1368 4204 pejora,
1405 4091 1646 4199 deteriora,
1679 4090 1768 4172 imo
1800 4089 1982 4173 lethalia
2016 4085 2138 4195 fieri,
2172 4081 2309 4170 sicuti

523 4225 663 4296 vento
696 4216 1040 4327 septentrionali
1072 4221 1363 4330 praevalente,
1400 4227 1493 4300 turn
1526 4237 1674 4300 curam
1706 4215 1960 4324 accelerari,
1981 4224 2073 4300 tum
2105 4241 2215 4300 vero
2231 4237 2308 4327 pe-

523 4339 718 4423 riculum
752 4341 931 4448 iminui,
965 4353 1044 4426 aut
1074 4371 1252 4458 prorsus
1287 4343 1387 4430 tolli
1419 4337 1550 4429 vidit.

596 4635 640 4718 ri,
668 4656 731 4703 sua
758 4639 958 4725 nuperrime
984 4639 1204 4726 experientia
1230 4640 1265 4704 in
1296 4637 1418 4726 Belgis
1459 4636 1555 4706 facta
1593 4641 1764 4706 Ttsorssos
1801 4637 1847 4727 (a
1863 4657 1894 4704 c.
1909 4658 1944 4726 p.
1962 4637 2014 4726 9.)
2054 4620 2233 4727 probavit
2269 4637 2305 4698 Is

596 4739 690 4804 enirn
717 4736 783 4804 hac
815 4741 1002 4807 occasione
1029 4743 1243 4824 observavit,
1272 4741 1310 4806 in
1336 4739 1545 4808 militaribus
1574 4745 1761 4808 Britanniae
1788 4741 2002 4808 nosocomiis
2027 4737 2161 4808 febrim
2177 4736 2307 4804 vulne·

595 4841 726 4906 sariam
751 4841 962 4930 plerumque
989 4842 1101 4908 febris
1126 4841 1479 4910 biliam-remittentis
1492 4855 1552 4910 sut
1564 4841 1677 4914 febris
1691 4845 1868 4912 continuae
1882 4845 2039 4931 speciem
2056 4843 2276 4910 assumsisse.

519 4933 560 5030 ιι)
586 4944 660 5009 Jos.
688 4941 769 5010 tat.
805 4939 934 5010 susa!
956 4943 1274 5030 Anangsgruende
1305 4942 1370 5012 der
1401 4943 1659 5036 gerichtiichec
1684 4942 2088 5046 ‚mueywissecscbafb
2126 4949 2167 5012 8⁰
2194 4945 2307 5012 Vien-

595 5063 662 5112 nae.
696 5048 801 5134 ¹79³·
828 5049 939 5134 pcc.

517 5145 563 5236 v)
586 5147 721 5214 Caseus
751 5169 779 5214 ι,
795 5168 826 5215 c.
854 5147 927 5214 Lib.
941 5141 997 5213 'V.
1013 5165 1090 5234 cap.
1122 5149 1177 5212 26.
1206 5167 1240 5236 p.
1263 5149 1347 5218 sco.

517 5243 573 5342 w)
598 5253 746 5319 uma.
774 5271 803 5318 r.
831 5271 862 5317 c.
890 5253 992 5319 Tom.
1018 5253 1046 5316 l.
1072 5269 1109 5338 p
1129 5251 1207 5317 soti.
