4942 6048
1023 467 1129 566 ll,

171 669 442 758 vacationem
475 669 527 755 in
559 671 755 786 pectoris
786 671 994 772 cavitate.
1041 675 1183 783 Hinc,
1215 679 1461 782 secundum
1493 678 1713 789 originem
1752 689 1959 780 extrava-

171 800 356 885 sationis
396 802 670 911 sanguineae,
702 829 790 908 quo
822 829 983 917 nempe
1019 829 1231 888 memnone
1264 804 1442 914 existit,
1474 805 1574 914 jure
1608 807 1686 891 illa
1734 807 1785 891 in
1818 835 1958 891 rutm-

86 1005 90 1012 .
172 950 317 1012 uvam
350 939 397 1013 et
430 953 762 1016 cousscurrvam
804 931 1042 1018 dividitur.
1104 940 1114 953 ”
1194 945 1199 955 ¹

238 1053 478 1165 Sanguinis
512 1057 812 1141 extravasatio
845 1057 997 1178 vela)
1030 1059 1173 1144 libera
1206 1085 1340 1174 super
1379 1059 1727 1174 diaphragmate,
1777 1065 1854 1148 vel
1905 1057 1954 1181 b)

171 1209 255 1296 per
288 1181 584 1267 cohaesionem
619 1211 720 1265 cum
753 1184 908 1298 pleura
940 1187 1065 1302 prius
1097 1199 1319 1295 exortam,
1353 1187 1476 1299 quasi
1513 1189 1563 1272 in
1596 1187 1697 1273 loco
1735 1191 1957 1274 circumli-

171 1309 330 1393 mitato
364 1309 644 1420 continetur,
677 1313 753 1396 vel
783 1309 987 1426 'denique
1022 1311 1064 1432 c)
1097 1316 1328 1430 pulmone,
1362 1341 1415 1398 eo
1450 1315 1500 1398 in
1533 1319 1649 1426 loco,
1684 1343 1774 1426 quo
1791 1319 1956 1402 vulnus

173 1435 357 1521 exstitit
390 1435 570 1546 coalito,
602 1438 654 1520 in
684 1439 947 1554 pulmonum
980 1442 1225 1544 substantia
1257 1440 1594 1530 insorbitur.-
1626 1441 1751 1528 Haec
1766 1445 1956 1551 diversa,

171 1563 462 1687 experientia
494 1566 694 1678 probata,
729 1569 1102 1656 extravasationis
1135 1575 1259 1656 sedes
1292 1569 1393 1655 satis
1435 1571 1695 1660 luculenter,
1726 1582 1956 1678 monstrat,

171 1689 408 1802 nunquam
437 1719 517 1777 nos
552 1691 745 1776 eorum'¹)
762 1693 1023 1808 opinionem
1059 1697 1192 1783 nimis
1224 1698 1473 1781 restrictam
1524 1697 1650 1806 sequi
1701 1725 1841 1810 posse,
1876 1687 1958 1808 qui
2040 1687 2044 1697 ’

171 1819 433 1928 sanguinem
466 1845 574 1926 sese,
609 1821 689 1904 ubi
723 1823 910 1906 vulnera
944 1823 1137 1936 pectoris
1170 1823 1457 1938 penetrantia
1507 1831 1694 1932 adsunt,
1718 1826 1767 1908 in
1800 1835 1956 1940 pectus
2071 1923 2072 1930 Ν

170 1943 502 2054 ellrmdentem,
536 1973 711 2032 sannen
742 1951 801 2064 ad
834 1959 1006 2068 septum
1043 1961 1337 2040 transversum
1369 1947 1478 2062 labi,
1501 1951 1744 2036 al'l'irmant.

993 2101 1136 2230 ivr·
1217 2171 1276 2226 .·

821 2367 824 2374 Ι
901 2286 1210 2350 ‘Dracuosrc

237 2477 479 2592 Sanguinis
514 2484 564 2569 in
600 2485 780 2570 thorace
814 2487 1228 2572 extravasationem¹
1255 2487 1557 2599 cognoscimus
1596 2484 1641 2606 1)
1662 2487 1756 2574 sive
1791 2514 1817 2572 e
1849 2513 1955 2574 vun-

172 2631 303 2704 ssuts
336 2637 443 2717 stru,
480 2609 547 2731 2⁰)
589 2612 683 2698 sive
716 2639 799 2727 per
831 2638 1293 2700 excommucatus
1326 2641 1359 2696 n
1388 2641 1620 2724 rutnans,
1672 2610 1739 2732 5⁰)
1788 2615 1881 2701 sive
1930 2641 1956 2698 e

172 2761 557 2844 svmmomamuus,
590 2765 694 2849 quae
727 2767 837 2828 mcx
870 2737 998 2850 sequi
1032 2743 1192 2827 solent.
1231 2737 1383 2852 Signa',
1416 2746 1788 2852 quemadmodum
1807 2751 1956 2826 extra·
2007 2797 2017 2816 .

171 2865 442 2949 vasationem
491 2865 627 2978 ipsam
671 2883 710 2976 (t
738 2888 817 2974 76.)
859 2893 990 2985 quam
1031 2867 1141 2955 inde
1175 2868 1469 2977 conjicimus,
1503 2869 1577 2953 vel
1609 2895 1773 2976 suerro,
1823 2896 1955 2976 mox,

173 3002 223 3075 et
254 2991 384 3075 brevi
403 3001 502 3105 post
535 2989 764 3078 laesionem
796 2991 957 3078 factam
990 3005 1221 3108 apparent,
1254 2997 1328 3104 vel
1362 3022 1504 3081 tonna
1538 3005 1596 3082 et'
1618 3022 1728 3080 suno
1763 2999 1956 3102 demum,

172 3129 271 3234 post
303 3117 479 3229 aliquot
511 3119 620 3205 dies.

236 3243 384 3334 Vetus
417 3244 599 3356 quidem
616 3257 775 3332 auctor
798 3247 999 3334 classicus
1017 3273 1207 3360 (Reverere.
1228 3269 1671 3362 Chirurgicd’crmial'oris.
1692 3271 1799 3354 1768.
1815 3293 1845 3358 p.
1861 3269 1954 3356 488)

4 3361 11 3372 ’
65 3373 72 3380 ’
171 3369 419 3458 existimat:
451 3394 663 3457 ruoxtran
696 3384 795 3488 post
830 3377 1024 3460 thoracis
1058 3377 1244 3457 vulnera
1290 3371 1528 3484 sanguinis.
1573 3373 1957 3457 extravasationes

170 3500 364 3585 alicuius
395 3501 611 3584 momenti
643 3527 873 3613 nunquam
908 3503 1054 3586 locum
1088 3503 1255 3587 habere
1287 3526 1429 3616 posse,
1461 3509 1699 3614 propterea
1718 3502 1842 3610 quod
1858 3525 1957 3614 pec-

175 3635 246 3712 tus
276 3654 450 3741 semper
480 3627 664 3741 plenum
699 3629 771 3716 sit.
811 3629 905 3716 Uhi
937 3656 1046 3714 vero
1080 3631 1253 3737 dolore,
1305 3626 1432 3712 tenui
1482 3627 1609 3711 victu
1660 3634 1708 3713 et
1740 3623 1951 3737 frequen·

177 3755 299 3841 tibus
331 3757 737 3844 venaesectionibus
771 3755 936 3842 viscera
970 3756 1056 3840 iam
1106 3755 1455 3863 contabuerunt,
1490 3765 1598 3837 tunc
1632 3757 1809 3838 demum
1862 3754 1957 3839 illas

64 3927 75 3934 -
173 3883 377 3967 existere
393 3885 677 3996 posse-Nos
711 3909 894 3994 quoque
926 3892 1058 3966 antea
1089 3905 1233 3998 (torrae.
1249 3902 1322 3990 57.)
1356 3880 1442 3962 iam
1475 3880 1740 3986 monuimus,
1781 3881 1956 3994 pectori

173 4008 225 4092 in
260 4019 378 4094 statu
411 4011 507 4117 ejus
539 4010 733 4092 normali
765 4035 953 4093 vacuum
987 4007 1175 4122 spatium
1192 4033 1422 4114 nunquam
1440 4007 1654 4118 relinqui.
1672 4006 1789 4092 Inde
1807 4017 1957 4090 autem

173 4161 459 4246 nequaquam
492 4147 617 4220 recte
652 4136 1040 4245 concluderemus,
1085 4143 1348 4243 statuentes,
1382 4135 1643 4245 sanguinem
1676 4133 1727 4218 in
1760 4133 1957 4246 pectoris

174 4263 409 4348 cavitatem
445 4257 624 4348 ell'undi
658 4289 751 4347 non
784 4291 925 4378 posse,
958 4263 1210 4378 priusquam
1229 4287 1311 4374 per
1328 4261 1695 4345 commutationes
1716 4287 1843 4374 supra
1878 4287 1955 4343 no·
2005 4253 2012 4260 ’
2046 4263 2088 4296 ”

174 4391 375 4497 minatae,
411 4417 516 4500 quas
549 4418 644 4476 non
677 4392 896 4503 exiguum
933 4402 1105 4503 tempus
1139 4390 1373 4498 requirere
1414 4401 1570 4472 notum
1621 4393 1718 4495 est,
1766 4387 1955 4500 spatium

174 4515 407 4604 sufficiens
439 4515 726 4630 conficietur.
763 4515 966 4629 Sanguis,
999 4547 1024 4602 a
1057 4517 1129 4602 via
1163 4543 1237 4600 sua
1271 4516 1465 4598 naturali
1506 4521 1737 4623 recedens,
1794 4515 1955 4624 utique

174 4645 458 4731 convertitur
491 4646 541 4729 in
574 4643 768 4760 pectoris
818 4647 1068 4754 cavitatem,
1118 4645 1193 4728 vel
1252 4645 1485 4754 analogum
1537 4647 1776 4754 quendam·
1808 4642 1958 4731 locum

175 4772 318 4882 qualis
351 4799 506 4856 cavum
541 4773 699 4882 cranii,
733 4771 812 4858 uhi
848 4801 1030 4885 quoque
1065 4773 1115 4856 in
1148 4771 1285 4855 initio
1318 4798 1508 4854 vacuum
1541 4797 1635 4854 nou
1672 4775 1810 4856 adest.
1844 4767 1957 4852 Tan·

175 4903 403 4984 tummodo
436 4901 737 4985 extravasatio
779 4901 856 4986 illa
902 4929 1028 4988 nunc
1079 4925 1317 5006 cunamen,
1350 4925 1462 4984 uaso
1492 4925 1693 4986 reunion
1709 4877 1955 5012 procedere

173 5029 328 5132 debet,
362 5029 516 5142 prouti
548 5029 723 5114 diversa
757 5055 877 5116 casus
896 5026 1189 5115 individualis
1222 5025 1504 5141 complicatio
1539 5027 1625 5112 hoc
1658 5023 1827 5135 exigit,
1844 5049 1955 5138 pras·

172 5259 210 5350 u)
239 5261 391 5346 ecum,
406 5251 477 5324 rid.
491 5236 583 5344 ¹ejus
616 5251 818 5344 sammluug
845 5273 917 5324 von
941 5247 1240 5342 Beobachtungen
1265 5273 1294 5322 r.
1323 5271 1354 5320 c
1381 5273 1417 5342 p.
1437 5273 1519 5318 202.
1548 5255 1591 5318 x.
