4942 6048
1043 400 1175 488 δι’

246 624 384 728 Quod
417 639 540 715 certe
574 629 768 745 probant
783 627 1116 718 observationes
1132 629 1554 742 haemorrhagiarutn
1582 633 1962 748 secundariarum3
2003 619 2010 638 ’

177 750 380 864 itemque
412 766 615 841 accurata
633 759 1205 873 anatomico-physiologica
1239 764 1283 845 br
1322 759 1605 873 pathologioa
1643 760 1966 870 disquisitione,

177 883 432 992 edocemur,
448 883 560 970 vasis
575 885 939 971 obliterationem
956 913 1050 970 non
1068 913 1093 972 e
1110 887 1325 996 sanguine
1344 887 1575 996 coagulato
1592 896 1739 969 ortum
1767 891 1960 1000 trahere,
1985 989 1987 996 y

177 1010 257 1090 sed
282 1035 346 1092 ex
379 1011 588 1121 organica
619 1013 803 1097 materia
835 1039 991 1097 verum
1024 1014 1281 1124 organicum
1314 1039 1474 1127 corpus
1494 1012 1820 1122 constituente,
1837 1019 1961 1124 quod

175 1135 373 1246 parvulis
405 1137 517 1223 vasis
550 1141 780 1226 obtectum
813 1139 865 1223 in
896 1140 1187 1255 microscopio
1220 1140 1510 1255 conspicitur3
1529 1163 1630 1246 (sm.
1652 1163 1829 1226 Tarauna.
1869 1161 1959 1228 Dos.

176 1281 319 1371 cttrurg.
346 1288 458 1374 inaug.
497 1286 547 1352 Dr
572 1289 720 1356 sistendtr
758 1285 1012 1378 tamorrtogtts
1045 1291 1095 1353 8⁰.
1140 1288 1315 1376 Groratng.
1349 1288 1459 1373 1804)
1494 1293 1518 1348 a
1552 1293 1642 1374 quo
1682 1265 1959 1380 lymphatico

176 1385 377 1492 coagulo,
410 1395 535 1496 quod
566 1415 729 1506 nempe
760 1394 946 1477 arteriae
975 1393 1172 1477 canalem
1205 1418 1299 1476 non
1331 1392 1472 1474 solnm
1491 1393 1726 1499 obliterat,
1755 1394 1836 1476 fed
1854 1419 1960 1501 quo·

173 1535 264 1618 que
287 1507 447 1598 finem·
473 1541 600 1600 suum
631 1517 814 1662 penitus
832 1520 953 1604 tollit
969 1530 1134 1606 etcum
1150 1520 1284 1626 juxta
1300 1518 1395 1602 sitis
1411 1519 1612 1633 partibus
1628 1527 1751 1601 arcte
1774 1517 1960 1624 conjun-

172 1635 311 1744 gitur,
359 1643 533 1754 pendet
564 1643 792 1754 sanguinis
827 1647 1114 1730 aasumensi
1170 1659 1294 1729 nono
1351 1645 1536 1730 sistendi
1570 1643 1698 1728 ratio.
1750 1663 1955 1753 (Hoagsoa.)

171 1759 287 1846 Haec
338 1765 562 1881 lymphae
572 1771 858 1881 coagulabilis
891 1773 1163 1878 exsudatio,
1212 1782 1342 1878 aucta
1390 1772 1489 1886 plus
1523 1798 1654 1883 quam
1686 1767 1856 1884 parsit
1891 1795 1959 1850 ao·

173 1889 353 1974 tivitate
386 1895 621 1980 subtilium
663 1924 864 1981 vasorum
914 1897 1031 2020 (vasa
1079 1899 1300 2014 vasorum)
1341 1885 1571 2004 redditur,
1613 1923 1717 2007 quaa
1766 1893 1817 1977 in
1866 1893 1957 2007 ipsa

167 2015 352 2100 arteriae
385 2018 668 2132 formatione,
703 2036 911 2135 tanquam
944 2035 1091 2139 partes
1122 2025 1332 2108 animatae
1365 2020 1610 2108 rrrrtabrles
1624 2024 1784 2106 latent
1819 2019 1958 2122 Quod
2084 2067 2096 2074 -

166 2149 319 2226 autem
366 2171 449 2258 pro
499 2173 626 2234 causa
675 2151 862 2236 rationis
912 2162 1224 2236 P'nanannn‘cls
1273 2150 1610 2260 haemorrhagiae
1659 2157 1819 2232 natura
1865 2145 1987 2259 ipsa,

164 2265 378 2354 sistendae
427 2274 622 2357 habetur
635 2337 651 2383 ,
701 2277 752 2360 id
792 2279 927 2362 unice
978 2279 1162 2388 quidem
1212 2289 1279 2362 est
1326 2279 1445 2361 laesae
1494 2275 1674 2361 arteriae
1723 2271 1955 2380 retractio,

166 2393 267 2479 haec
316 2406 467 2483 autem
517 2399 608 2514 ipsa
656 2402 976 2488 solannmodo'
962 2431 1012 2488 1n
1046 2404 1301 2511 hujusmodi
1332 2404 1443 2489 vasis
1473 2403 1612 2518 plane
1629 2399 1846 2508 dissectis,
1878 2408 1955 2480 aut

164 2517 370 2610 laceratis
408 2526 557 2610 locum
590 2529 743 2638 habet,
777 2557 881 2642 quae
914 2531 1246 2616 vermiculatam
1295 2540 1521 2614 assumunt
1559 2526 1742 2614 formam
1777 2529 1821 2612 δι
1854 2523 1956 2608 faci·

168 2643 213 2732 le
247 2652 556 2740 retrahuntur.
590 2655 809 2746 Vasorum
843 2668 1016 2763 contra,
1050 2685 1156 2768 quae
1188 2656 1264 2741 vel
1311 2654 1577 2769 simpliciter
1633 2651 1840 2764 quolibet
1889 2650 1955 2734 in·

134 2765 395 2862 'trumento
429 2779 557 2890 laesa,
590 2783 665 2868 vel
698 2809 814 2893 quae
847 2783 1067 2898 punctim,
1100 2794 1179 2867 aut
1212 2809 1238 2867 c
1270 2793 1398 2898 parte
1432 2792 1551 2868 secta
1583 2790 1719 2886 sunt,
1763 2776 1956 2892 parietes

163 2899 402 2990 difficilius
434 2905 630 2994 invicem
679 2909 1023 3024 aproximantur
1037 2973 1053 3019 ,
1102 2913 1226 2994 unde
1273 2909 1481 3019 sequitur
1526 2907 1667 3020 irnpar
1705 2902 1954 2987 contractio

160 3025 323 3114 diffissi
375 3033 571 3144 canalis,
620 3035 699 3145 qui
749 3061 795 3121 se
845 3039 1076 3149 retrahere
1125 3037 1259 3149 plane
1291 3060 1386 3116 non
1420 3043 1581 3148 potest.
1631 3029 1731 3116 Hac
1763 3057 1813 3114 re
1855 3032 1955 3136 hae·

155 3155 406 3267 morrhagia
439 3155 574 3277 (quae
609 3160 793 3272 quidem
824 3187 907 3278 per
939 3187 984 3247 se
1017 3160 1201 3245 minoris
1233 3159 1447 3244 momenti
1497 3170 1578 3268 est,
1611 3185 1743 3268 quam
1775 3156 1826 3240 in
1864 3155 1952 3270 pla·

157 3307 221 3364 ne
254 3281 395 3368 divisa
437 3282 622 3407 arteria]
676 3287 813 3398 magis
859 3290 1008 3373 adhuc
1041 3287 1301 3376 sustinetur.
1334 3283 1433 3401 Ipsa
1461 3285 1711 3400 temporalis
1732 3281 1956 3366 immedia-

160 3415 205 3492 ta
252 3407 526 3526 interceptio
570 3423 664 3497 tum
696 3419 875 3500 demum
907 3413 1013 3500 fieri
1045 3424 1214 3528 potest,
1248 3439 1386 3522 quum
1419 3411 1594 3522 sanguis
1641 3409 1827 3496 laesioni
1855 3434 1954 3524 pro·
2059 3525 2067 3534 Ι

157 3533 312 3623 ximus
344 3537 468 3625 inter
498 3541 706 3626 arteriam
740 3543 926 3652 ejusque
959 3567 986 3624 e
1022 3541 1128 3626 tella
1160 3539 1371 3626 cellulosa
1404 3540 1605 3650 vaginam
1654 3537 1954 3624 accumulatus

52 3704 62 3736 a
158 3667 423 3776 coaguletur
454 3677 503 3752 et
535 3667 598 3753 sic
631 3668 725 3783 ipse
759 3669 927 3776 rimam,
963 3666 1158 3782 tamponi
1204 3666 1361 3774 instar,
1402 3667 1616 3752 obstruat.
1668 3661 1752 3752 Sin
1802 3673 1954 3760 autem

23 3899 26 3904 Ι
157 3815 283 3894 ouras
315 3802 363 3877 et
381 3793 660 3902 diminutus,
678 3805 974 3880 remeamus
1007 3793 1234 3904 sanguinis
1267 3817 1456 3879 ruamus
1488 3792 1538 3876 in
1564 3790 1674 3878 vasis
1698 3793 1863 3875 vulnus
1890 3791 1952 3872 lo-

155 3940 258 4000 cum
291 3919 504 4027 habeant,
538 3921 886 4032 haemorrhagiae
932 3919 1154 4007 sistendae
1186 3943 1449 4034 pennanens
1481 3917 1597 4002 ratio
1636 3927 1786 4032 potest
1837 3911 1950 4000 oriri

154 4042 314 4138 eserie
332 4071 613 4158 processuum
634 4049 976 4134 successivorum
1010 4045 1273 4168 (secundum
1289 4044 1405 4132 Jonas
1430 4045 1763 4159 experientiam
1781 4070 1807 4128 e
1834 4039 1952 4127 serie

154 4191 551 4317 aelemosinarum,
575 4163 683 4262 'tales
716 4184 821 4260 sunt
837 4203 879 4264 v.
896 4204 937 4286 g.
971 4173 1232 4262 constrictio
1266 4183 1314 4258 et
1330 4173 1544 4256 retractio
1560 4171 1755 4280 arteriae‘,
1779 4165 1952 4278 sangui·
2044 4273 2052 4292 Ι

152 4293 223 4380 nis
257 4299 481 4408 coaguli'
466 4327 516 4384 1n
551 4300 741 4385 orificiis
773 4303 990 4388 laesorum
1021 4303 1132 4388 vasis
1163 4299 1327 4384 finium
1361 4296 1578 4382 formato
1584 4309 1631 4382 et
1658 4321 1949 4404 securamen,

149 4418 259 4506 item
278 4423 569 4512 inflammatio
588 4439 635 4512 et
652 4429 893 4514 exsudatio
917 4431 1117 4544 lymphae
1134 4421 1438 4541 coagulabilis)
1456 4424 1667 4510 nimirum
1686 4450 1713 4512 e
1740 4447 1947 4538 processu

149 4527 438 4639 sanationis
424 4582 474 4637 m
507 4555 687 4640 arteriae
720 4559 909 4642 vulnere
944 4557 1090 4643 locum
1123 4556 1321 4640 habente
1354 4579 1453 4636 cum
1489 4552 1652 4682 canalis
1690 4548 1947 4637 coarctatio-

148 4702 226 4809 ne,
265 4679 363 4794 plus
396 4681 598 4769 minusve
631 4709 800 4794 magna.

208 4929 300 5017 Hic
333 4938 391 5019 de
423 4937 651 5048 sanguinis
695 4937 882 5024 sistendi
916 4939 1166 5024 rationibus
1200 4947 1459 5052 conspectus
1493 4961 1547 5022 eo
1570 4935 1706 5044 valet,
1730 4942 1799 5041 ut,
1824 4953 1942 5040 quae

144 5058 254 5142 huic
288 5057 356 5144 rei
390 5065 584 5150 maxime
618 5067 891 5150 conveniant
925 5067 1121 5152 remedia
1153 5064 1481 5180 perspiciamus,
1515 5088 1629 5174 quae
1657 5059 1839 5173 quidem
1865 5057 1941 5173 ¹ad

139 5183 282 5274 finem
315 5189 438 5274 bunc
470 5217 555 5307 ope
589 5191 856 5306 Chirurgiae
888 5195 1188 5282 obtinendruu
1220 5191 1422 5280 indicata
1454 5201 1571 5280 sunt.
1742 5197 1750 5208 '
