4942 6048
1371 418 1426 538 qa

506 643 657 734 sertim
692 667 800 731 vero
832 643 985 762 prouti
1019 639 1188 728 viscera
1222 639 1425 732 cavitatis
1480 639 1608 730 istius
1645 640 1782 754 magis
1812 641 2016 732 minusve
2033 643 2292 736 immediate

505 775 608 876 laesa
626 785 742 860 sunt.
759 773 859 858 Hoc
878 774 1099 882 quidemn
1111 781 1217 854 ante
1242 771 1428 856 adducti
1463 769 1693 884 scriptoris
1727 791 1917 882 (aivam.
1947 793 2117 880 carrago
2142 799 2292 866 turmae

506 923 532 988 t.
558 943 586 986 c.
613 945 644 1008 ρ.
673 935 750 998 444
776 919 964 1006 aaran)
999 897 1290 1008 experientia
1321 900 1553 1014 probatur,
1585 896 1667 1008 qui
1698 919 1861 1014 nempe
1894 895 2014 984 circa
2044 901 2164 990 hauc
2195 921 2291 990 rem

506 1051 533 1110 a
564 1037 704 1112 semet
736 1025 832 1142 ipso
865 1025 1088 1112 dissentit.

1304 1191 1330 1304 f
1366 1197 1438 1298 7⁸·

571 1353 665 1443 Per
705 1379 1002 1444 smmronnrt
1043 1361 1143 1476 ptus
1175 1359 1379 1443 minusve
1413 1349 1566 1442 elucet
1598 1355 1841 1468 sanguinis
1888 1357 2191 1445 extravasatio
2240 1357 2292 1444 in

508 1485 702 1598 pectoris
736 1484 926 1570 cavitate
961 1499 1139 1604 exorta,
1173 1497 1447 1618 quapropter
1479 1486 1578 1569 haec
1603 1483 1902 1571 'dividuntur
1933 1484 1984 1569 in
2017 1513 2139 1574 saona
2188 1513 2292 1570 nao-

512 1633 690 1696 aamam
740 1639 817 1696 seu
850 1637 979 1700 sarnus
1013 1639 1161 1698 canan
1193 1623 1243 1697 et
1275 1641 1395 1698 staua
1430 1631 1660 1698 caumont
1694 1639 1774 1698 seu
1819 1635 2200 1702 conanensium.
2233 1611 2292 1696 In

508 1740 708 1855 priorum
744 1737 920 1823 classem
955 1768 1006 1825 ea
1040 1731 1289 1848 retulimus,
1324 1767 1443 1850 qnae,
1478 1740 1677 1850 quamvis
1710 1739 1946 1854 saepissime
1963 1739 2192 1852 sanguinis
2210 1767 2293 1826 ex·

513 1863 848 1949 travasationem
885 1867 1108 1974 indicent,
1140 1895 1234 1951 non
1268 1894 1366 1950 raro
1405 1877 1566 1976 tamen,
1614 1867 1696 1950 ubi
1741 1865 1938 1982 pectoris
1986 1867 2110 1954 laesio
2143 1878 2292 1952 locum

510 1993 664 2101 habet,
698 1991 830 2076 etiam
866 1993 962 2078 sine
997 1995 1362 2081 extravasatione
1396 1993 1753 2108 conspiciuntur.
1785 1989 1863 2080 Aa
1878 1995 2123 2108 posteriora
2141 2004 2294 2078 atatem

511 2145 580 2228 ea,
613 2145 694 2232 per
728 2145 831 2229 quae
866 2143 1182 2208 raoaaammts
1229 2120 1605 2206 extravasationis
1653 2126 1711 2206 ad
1761 2146 2098 2210 caarrroomau
2147 2121 2292 2204 multo

423 2337 430 2344 ,
511 2247 647 2356 magis
680 2245 868 2333 accedit.
902 2245 1154 2334 Ausonum.
1176 2247 1297 2334 enim
1327 2249 1444 2354 'ejus
1495 2246 1666 2332 indicia
1714 2249 1842 2336 nulla
1874 2246 1925 2332 in
1957 2249 2140 2337 homine
2188 2248 2293 2336 vit-o

511 2378 757 2476 secundum
791 2382 984 2460 nostram
1017 2374 1278 2493 opinionem
1310 2373 1516 2496 reperiri,
1548 2386 1701 2491 postea
1719 2397 1755 2488 (t
1775 2395 1853 2488 95.)
1867 2363 2174 2464 demonstrare
2191 2401 2292 2492 ope·

250 2589 255 2596 ,
400 2609 403 2616 ἢ
512 2529 603 2586 ram
637 2500 850 2588 dabimus,

1334 2670 1360 2785 S
1396 2698 1468 2782 79·

575 2833 1006 2925 enarmonium
1039 2861 1070 2923 s.
1103 2859 1237 2924 umus
1270 2861 1423 2954 cnam
1456 2845 1574 2922 sunt:
1606 2845 1806 2948 angusta,
1840 2834 2003 2946 brevis,
2035 2835 2110 2922 vel
2142 2833 2193 2923 in
2209 2861 2293 2920 ma·

511 2963 658 3047 ximo·
674 2965 914 3052 molimime
948 2963 1034 3048 vix
1066 2973 1237 3078 partem
1270 2964 1516 3072 dimidiam,
1552 2964 1744 3074 tertiam,
1778 2958 2018 3075 quartam⁰l
2050 2967 2163 3050 adeo
2178 2963 2294 3048 aeris

399 3095 402 3108 '
510 3091 751 3176 necessarii
786 3093 1022 3209 excipiens
1055 3089 1306 3204 respiratio,
1340 3117 1443 3203 quae
1477 3088 1690 3182 celeriter
1720 3092 1944 3205 procedit,
1975 3088 2191 3212 frequens
2210 3116 2294 3204 per

513 3216 700 3334 suspiria
733 3218 1085 3333 interrumpitur
1118 3229 1165 3304 et
1198 3219 1374 3329 singulo
1421 3218 1631 3332 temporis
1679 3229 1905 3305 momento
1953 3215 2294 3304 suffocationem

510 3342 760 3435 minitatur.
794 3344 997 3431 Pectoris
1031 3345 1194 3430 cavitas
1212 3345 1365 3454 igitur,
1385 3355 1602 3456 quantum
1619 3371 1743 3460 opus,
1760 3371 1855 3430 uon
1886 3345 2120 3454 dilatatur,
2162 3371 2295 3457 quam

512 3481 708 3581 aegrotus
739 3470 885 3556 veluti
917 3468 1101 3554 vinculo
1133 3469 1266 3554 firmo
1300 3471 1581 3558 constrictam
1616 3473 1768 3581 habet,
1800 3471 2043 3560 comitante
2059 3472 2189 3558 simul
2220 3497 2296 3556 an·

514 3622 623 3708 gore
657 3609 704 3682 et
736 3597 997 3684 vehementi
1014 3607 1249 3711 premente
1283 3579 1501 3707 crucialu3
1532 3600 1685 3715 pulsus
1702 3600 1833 3710 valde
1856 3599 2129 3712 irregularis,
2161 3603 2295 3686 modo

452 3738 458 3747 ’
514 3726 653 3832 celer,
685 3729 819 3811 modo
855 3725 1020 3833 tardus,
1052 3723 1232 3832 debilis,
1265 3721 1363 3810 fere
1398 3723 1633 3835 deficiens,
1665 3727 1887 3813 discrotus
1920 3726 2097 3814 existit.
2120 3725 2178 3810 In
2195 3751 2296 3840 pec·

515 3860 612 3956 tore
645 3877 724 3938 suo
755 3852 976 3938 sauciatus
1012 3849 1212 3964 tepidum
1261 3853 1484 3962 liquorem
1532 3848 1746 3962 infusum,
1795 3855 1920 3966 quasi
1953 3847 2296 3938 fluctuantem„
2347 3897 2352 3910 =

391 4087 398 4100 ἱ
510 3977 669 4088 sentit,
703 3989 861 4065 matum
895 4003 1078 4090 quoque
1112 3989 1161 4062 et
1194 3977 1387 4064 calidum
1421 4006 1626 4094 vaporem
1660 3982 1709 4063 in
1737 3981 1992 4086 'altum‘sesc
2011 3983 2296 4068 evehentem.

462 4179 474 4214 „
512 4103 737 4192 Universa
751 4105 992 4192 debilitate
1012 4114 1196 4190 tenetur
1228 4133 1402 4219 corpus3
1434 4105 1570 4190 faciei
1603 4107 1834 4193 character
1848 4135 1944 4191 non
1959 4136 2112 4222 parum
2141 4107 2295 4192 immu-

516 4225 695 4340 aarum),
729 4261 833 4346 quae
882 4237 1014 4318 modo
1063 4230 1242 4343 flagrat,
1290 4233 1542 4342 sanguinat,
1576 4234 1835 4320 intumescit
1868 4243 1916 4320 et
1949 4236 2069 4320 oculi
2094 4233 2295 4322 exorbi·
2345 4263 2351 4276 ’

517 4358 574 4444 tis
606 4359 927 4472 prominentes,
978 4359 1225 4446 immobiles
1272 4369 1322 4456 et
1353 4360 1501 4444 vitreo
1534 4371 1714 4473 aspectu
1751 4371 1933 4476 torpent
1986 4361 2037 4446 in
2089 4390 2182 4446 uno
2231 4364 2295 4445 lo·

516 4511 586 4594 co,
617 4489 750 4570 modo
799 4485 934 4573 facies
983 4487 1283 4599 expallescit,
1333 4484 1485 4598 friget,
1532 4493 1593 4572 ad
1640 4487 1806 4574 mortui
1855 4487 2197 4602 similitudinem
2246 4497 2296 4572 et

513 4610 632 4698 labia
671 4611 832 4722 livent,
849 4622 986 4726 atque
1019 4611 1348 4701 intremiscunt.
1380 4611 1688 4700 Obducuntur
1722 4625 1919 4728 tempora
1952 4627 2000 4703 et
2032 4618 2194 4702 collum
2229 4641 2297 4700 su·

515 4743 627 4825 dore
659 4739 829 4827 viscido
862 4751 911 4827 et
944 4739 1185 4851 glutinam,
1216 4767 1314 4825 vox
1350 4739 1499 4828 tenuis
1532 4749 1580 4827 et
1611 4742 1825 4852 languida
1875 4739 2109 4828 interdum
2157 4741 2296 4828 croci·

508 4945 556 5034 o)
583 4947 760 5011 Rastros.
787 4963 817 5012 ι..
845 4962 878 5011 c.
905 4965 941 5032 p.
962 4963 1042 5009 aaa.

515 5047 557 5138 P)
584 5046 1120 5218 1⁰&L8marmssprmemamum
1146 5040 1393 5143 cpirurgicam.
1423 5049 1474 5116 8⁰.
1501 5047 1695 5120 Amstelod.
1728 5001 1837 5138 1741..
1860 5049 2004 5121 observ.
2031 5073 2067 5142 p.
2088 5041 2148 5151 qi.
2175 5051 2297 5118 lincu-

582 5171 636 5218 ιιι.
717 5171 748 5218 c.
763 5171 834 5240 pr
892 5197 901 5214 .

516 5253 557 5342 q)
584 5255 740 5321 nomam
765 5251 1022 5323 commentatio
1047 5253 1086 5320 ia
1110 5251 1335 5342 Hippocratis
1361 5251 1593 5344 aphorismos.
1623 5261 1674 5326 8⁰.
1702 5257 1807 5323 Parta
1847 5261 1953 5328 reas
1979 5279 2014 5348 p.
2032 5259 2118 5336 548.

1191 5388 1229 5474 Ι
