4960 6054
1409 419 1435 470 x
1478 383 1485 396 .

522 631 571 708 et
602 616 826 736 oblivioni
862 616 1024 702 tradita
1043 615 1247 732 recoqui,
1264 614 1689 728 commemora'rique
1722 617 1875 704 saltem
1900 617 2102 703 breviter
2120 619 2311 726 debent,
2375 732 2379 741 Ι

523 766 746 877 siquidem
800 765 1021 878 completa
1067 791 1120 848 ac
1174 764 1376 850 absoluta
1426 790 1479 848 ea
1522 763 1729 864 omnibus
1765 763 1964 849 numeris
1996 765 2153 852 haberi
2185 768 2313 852 velit.

525 909 652 996 Hinc
684 908 868 996 formam
902 909 1230 1024 compilationis
1248 932 1483 996 assumere
1516 910 1596 993 illa
1629 909 1863 996 nonnullis
1896 909 2096 1020 videtur,
2130 911 2167 996 si
2192 939 2311 998 nem·

526 1083 583 1174 pe
617 1068 773 1142 auctor
805 1055 951 1176 ”ihilz
958 1057 1177 1140 intactum
1211 1057 1474 1167 relinquere
1516 1057 1715 1162 studeat,
1749 1060 1874 1166 quod
1905 1067 2216 1166 argumentum
2250 1059 2313 1172 ip

526 1204 615 1290 sius
648 1204 1060 1316 quomodocunque
1093 1204 1319 1288 illustrare
1352 1199 1706 1316 possit—Saepe
1740 1199 1875 1285 etiam
1908 1202 2064 1285 audivi
2098 1203 2312 1312 virorum,

488 1467 492 1476 A
527 1352 586 1433 de
620 1375 811 1459 quorum
844 1347 1015 1433 meritis
1048 1346 1099 1431 in
1130 1348 1305 1435 litteras
1352 1358 1417 1437 sat
1449 1371 1672 1463 superque
1707 1357 1896 1454 constat,
1935 1323 2157 1459 querelas,
2189 1350 2314 1461 quasi

526 1495 582 1577 ab
615 1493 713 1579 aliis
747 1493 993 1580 insimulati
1027 1491 1216 1580 fuissent
1249 1495 1370 1603 vitii,
1406 1497 1596 1626 allegata
1627 1493 1819 1578 aliorum
1854 1492 1904 1576 in
1937 1521 2013 1578 sua
2047 1493 2210 1610 scripta
2232 1489 2330 1578 tra·'
2469 1595 2470 1604 p

528 1638 730 1748 duxisse,
783 1667 878 1727 non
911 1639 1045 1726 aditis
1094 1639 1198 1752 ipsis
1230 1637 1450 1753 sontibus,
1482 1645 1607 1726 unde
1641 1637 1720 1724 illa
1753 1643 1953 1724 desumta
1987 1651 2147 1736 essent.
2187 1639 2316 1726 Eius-

389 1779 393 1788 ’
526 1785 646 1870 modi
682 1785 1018 1897 obiurgationes
1052 1796 1174 1872 certe
1208 1785 1393 1895 quidem
1427 1789 1549 1871 baud
1581 1813 1682 1871 raro
1715 1782 2012 1868 fundamento
2062 1781 2326 1870 destituun-⁴

531 1933 633 2016 tur!
667 1930 735 2017 Ne
752 1931 851 2042 quis
888 1943 1034 2016 tamen
1068 1929 1168 2016 iure
1201 1957 1280 2024 sno
1315 1933 1403 2018 tale
1436 1930 1551 2044 quid
1584 1936 1643 2016 de
1675 1923 1746 2015 ine
1780 1928 1990 2043 suspicari
2007 1931 2159 2045 possit,
2175 1955 2313 2019 iruna
2469 2035 2470 2054 Ν

531 2101 725 2161 ruxruu
756 2101 945 2162 uxacrn
979 2101 1321 2183 monumenque
1353 2078 1480 2192 posui
1515 2105 1567 2164 ea
1618 2080 1923 2163 tantummodo
1939 2077 2036 2160 loca
2068 2087 2316 2184 auctorum,

529 2246 641 2330 quos
672 2221 798 2310 adire
831 2224 1158 2336 consulereque
1192 2223 1303 2308 mihi
1336 2223 1421 2338 ipsi
1456 2224 1605 2333 licuit,
1634 2223 1725 2308 ‘alia
1756 2249 1865 2308 vero
1899 2221 2063 2332 omnia,
2096 2249 2212 2334 quae
2239 2221 2317 2306 mi·

530 2363 582 2450 bi
619 2367 815 2479 legendo
864 2371 1003 2456 solum
1056 2369 1376 2476 innotuerunt,
1417 2393 1626 2482 quaeque
1666 2369 1880 2456 euoluere
1913 2393 1999 2452 nec
2032 2369 2190 2480 otium,
2230 2394 2319 2454 nec

531 2513 702 2599 occasio
735 2515 849 2600 mihi
880 2515 987 2632 luit,
1021 2541 1188 2600 manso
1220 2543 1368 2600 oannis
1403 2537 1809 2600 rannemundus
1842 2511 1970 2622 signo
2002 2515 2169 2602 notavi.

596 2655 748 2746 Rebus
782 2661 832 2746 in
863 2675 1088 2776 posterum
1139 2660 1503 2771 succedentibus,
1552 2659 1776 2772 quicquid
1809 2655 1894 2744 otii
1928 2669 1977 2744 et
2008 2660 2205 2758 muneris
2254 2659 2317 2744 ol·

532 2798 639 2888 ficia
672 2815 720 2890 et
752 2803 934 2919 negotia
966 2808 1131 2894 medici
1162 2806 1352 2922 practici
1384 2807 1496 2891 mihi
1529 2809 1797 2915 concedent,
1831 2805 2127 2891 elaborationi
2161 2807 2316 2892 alteras

534 2948 668 3036 huius
704 2961 915 3042 tractatbs
947 2956 1084 3070 partis
1113 2956 1317 3054 ,libenter
1351 2954 1558 3040 tribuam.
1591 2949 1921 3064 Argumentum
1956 2951 2052 3037 eius
2070 2952 2173 3038 erit:
2194 2951 2316 3037 criti·

462 3121 466 3132 ’
535 3119 586 3180 ca
618 3096 873 3210 disquisitio
924 3089 1202 3188 tractationis
1250 3099 1451 3214 specialis
1491 3103 1550 3184 de
1581 3097 1847 3184 vulneribus
1895 3098 2169 3212 simplicibus
2217 3126 2318 3212 pec·

537 3249 607 3326 tus
637 3245 994 3358 penetrantibus,
1027 3251 1085 3332 de
1119 3247 1315 3334 laesione
1347 3244 1624 3359 pulmonum,
1657 3243 1805 3330 cordis
1837 3243 2015 3332 eteius
2061 3271 2320 3355 magnorum

535 3413 737 3475 vasorum
769 3391 1138 3502 sanguilerorum,
1172 3389 1532 3505 diaphragmatis,
1563 3388 1836 3498 mediastini,
1871 3393 2035 3475 ductus
2087 3389 2320 3496 thoracici,

537 3535 773 3650 oesophagi
808 3546 855 3624 et
888 3541 1121 3624 columnae
1154 3535 1432 3644 vertebralis,
1465 3561 1551 3620 nec
1584 3531 1679 3622 non
1712 3538 1771 3620 de
1804 3563 1909 3620 cura
1959 3533 2178 3620 eiusmodi
2226 3535 2322 3620 vul·

536 3703 697 3762 nemra
728 3685 938 3796 pectoris3
989 3689 1047 3772 de
1098 3682 1291 3795 sequelis
1340 3681 1583 3782 serioribus
1631 3690 1681 3766 et
1712 3682 1963 3792 generatim
1992 3660 2054 3768 'de
2088 3680 2321 3793 deligatio·
2470 3647 2471 3700 ¹

536 3851 614 3938 ne,
646 3828 795 3916 diaeta
827 3856 878 3914 ac
912 3831 1032 3916 vitae
1065 3829 1286 3940 regimine
1319 3827 1576 3915 huiusmodi
1610 3826 1875 3915 sauciorum.
1892 3827 2019 3916 Haec
2039 3828 2322 3915 obiectorum
2470 3817 2471 3820 ‘

539 3978 872 4078 tractandorum
921 3977 1072 4084 series,
1105 4005 1236 4088 quam
1270 3975 1416 4062 statim
1449 3977 1505 4060 ab
1539 3970 1676 4060 initio
1709 3970 1759 4055 in
1792 3973 1878 4060 hac
1908 3974 2227 4088 monographia
2259 3999 2323 4060 se·

538 4117 618 4227 qui
651 4121 781 4207 nobis
812 4125 1132 4237 proposuimus,
1165 4123 1216 4210 in
1250 4095 1375 4208 causa
1422 4129 1505 4232 est,
1554 4147 1636 4205 cur
1683 4120 1925 4208 nonnullas
1972 4120 2325 4233 disquisitiones,

536 4263 791 4377 multosque
825 4271 959 4356 etiam
991 4283 1235 4356 memoratu
1277 4269 1437 4378 dignos
1470 4291 1591 4352 casus
1624 4263 1720 4352 eius
1754 4267 1931 4377 generis
1964 4269 2204 4352 vulnerum
2237 4264 2324 4350 lor·

539 4409 655 4501 uun
687 4414 830 4502 lector
863 4427 1061 4506 attentus
1094 4416 1145 4501 in
1180 4420 1262 4500 hac
1294 4414 1437 4528 prima
1473 4411 1818 4510 tractatiuncula
1850 4411 2013 4500 frustra
2031 4413 2322 4520 desiderabit,

539 4557 646 4668 quia
678 4560 854 4648 scilicet
888 4590 1041 4648 eorum
1075 4563 1247 4648 mentio
1280 4589 1374 4648 non
1408 4559 1497 4645 nisi
1530 4585 1586 4646 eo
1617 4559 1719 4644 loco
1752 4557 1859 4646 lieri
1890 4567 2083 4672 poterat,
2133 4586 2224 4670 quo
2272 4557 2327 4642 il·

538 4701 621 4788 lud
653 4705 796 4820 ipsum
829 4709 1072 4818 obiectum,
1105 4713 1164 4795 de
1198 4738 1290 4820 quo
1324 4705 1575 4819 quaeritur,
1608 4706 1820 4819 proxime
1852 4704 2102 4816 attingunt.

603 4847 831 4940 Iudicium
881 4827 1012 4964 iliud,
1046 4884 1071 4940 a
1111 4855 1367 4942 Caesarina
1405 4852 1851 4962 medico-chirurgica
1912 4851 2168 4968 Academia,
2218 4879 2325 4962 quae

537 4991 773 5116 Petropoli
807 5000 958 5110 floret,
990 5007 1048 5086 de
1083 5001 1168 5084 boc
1202 5028 1300 5085 meo
1333 5001 1485 5087 labore
1520 4999 1741 5084 benevole
1760 4997 1997 5112 prolatum,
2023 4999 2233 5116 dubitare
2251 5024 2323 5084 mc

539 5169 631 5226 non
666 5144 792 5254 sinit,
825 5149 939 5259 quin
972 5148 1124 5256 aliqua
1156 5149 1310 5231 saltem
1345 5144 1516 5230 utilitas
1549 5145 1599 5230 in
1632 5145 1807 5230 litteras
1831 5139 2084 5254 'earumque
2128 5143 2326 5230 cultores

539 5313 605 5378 ex
638 5275 708 5380 eo'
726 5295 1034 5384 redundatura
1066 5293 1137 5382 sit.
1169 5289 1229 5393 Id
1261 5320 1443 5406 qnoque
1477 5318 1531 5379 eo
1567 5291 1732 5380 certius
1767 5317 1941 5408 sperare
1975 5291 2101 5400 licet,
2128 5318 2219 5403 quo
2244 5289 2327 5378 mi·
