4942 6048
1315 391 1457 520 '146
1553 537 1556 546 1
1680 367 1683 380 ‚

522 639 878 728 imbecillitatem
911 642 1155 760 suppleret.
1187 640 1372 726 Frustra
1407 653 1570 728 tamen.
1601 639 1745 731 Vires
1755 641 1932 752 aegroti,
1950 641 2031 753 qui
2047 642 2183 728 abso
2203 653 2308 728 tem·

521 795 634 886 pore
665 793 839 884 semper
891 767 993 857 fere
1021 771 1073 856 in
1121 778 1239 855 statu
1272 770 1483 881 lethargo
1511 769 1649 854 simili
1679 771 1939 854 versabatur
1988 781 2035 856 et
2067 769 2307 880 aliquoties

527 879 719 996 clamore
753 897 1044 982 excitabatur
1077 925 1250 1008 magno,
1284 898 1336 984 in
1368 899 1524 982 horam
1554 898 1660 1011 plus·
1687 897 1979 985 deficiebant.
2004 897 2208 985 Tandem
2221 901 2308 1012 pla·

527 1022 654 1110 cidus
687 1023 959 1108 obiit'diem
991 1052 1242 1140 supremum
1275 1053 1301 1110 a
1332 1025 1518 1110 laesione
1552 1025 1667 1108 f'acta
1701 1011 1925 1135 quartum.
1958 1023 2206 1112 Proximus
2236 1053 2308 1110 au-

530 1160 618 1238 tem
670 1151 804 1234 morti
845 1149 976 1270 (hora
1008 1163 1139 1238 sexta
1172 1164 1279 1240 ante
1311 1149 1472 1271 finem)
1516 1148 1584 1238 bis
1616 1154 1848 1268 pardulum
1880 1153 2108 1264 sanguinis
2141 1179 2309 1268 spumo-

527 1277 566 1366 si
602 1277 708 1368 tussi
742 1279 970 1366 eiiciebat.

1339 1409 1366 1522 5
1402 1413 1512 1515 stt.

593 1569 720 1655 Hora
751 1581 852 1684 post
883 1581 1070 1656 mortem
1105 1575 1383 1683 duodecima,
1399 1583 1623 1689 praesente
1657 1575 1833 1689 hospite
1864 1576 1939 1659 ll'e
1964 1573 2121 1660 Isana
2152 1583 2201 1658 et
2225 1601 2311 1658 om-

468 1777 473 1786 ,
529 1696 664 1784 nibus
695 1699 941 1783 nosocomii
974 1697 1248 1786 officialibus
1280 1702 1641 1810 medicinalibus,
1657 1701 1832 1818 perfeci
1847 1705 2183 1788 obductionem.
2211 1699 2311 1788 Sec·

533 1825 658 1912 lione
692 1827 992 1910 communium
1026 1827 1439 1938 integumentorum
1474 1833 1519 1914 ἃ
1552 1830 1850 1914 musculorum
1883 1836 1941 1918 ad
1971 1831 2166 1944 pectoris
2198 1831 2312 1914 latos

532 1954 750 2038 dextmm
781 1953 1113 2066 pertinentium
1147 1957 1467 2070 circumspecte
1499 1969 1694 2072 peracta,
1728 1958 1904 2044 inveni:
1936 1959 2156 2044 musculos
2174 1957 2313 2040 inter·

532 2079 731 2188 costales,
763 2090 933 2192 praeter
982 2109 1155 2167 omnem
1181 2083 1456 2198 opinionem
1485 2111 1656 2192 meam,
1706 2085 1976 2196 incolumes,
2010 2097 2172 2170 costam
2205 2111 2320 2168 vero
2447 2127 2448 2140 κ

533 2215 734 2290 octavam
765 2205 811 2324 (a
842 2211 1043 2322 supernis
1075 2208 1373 2330 numerando)
1407 2211 1457 2294 in
1490 2212 1667 2326 pollicis
1701 2215 1912 2298 distantia
1945 2219 2001 2298 ab
2036 2213 2131 2298 eius
2164 2217 2220 2296 ad
2244 2239 2316 2294 co·

531 2331 728 2434 bunnam
761 2337 1061 2421 vertebralem
1091 2337 1356 2446 insertione,
1393 2348 1639 2424 transverse
1673 2337 1855 2424 tractam
1905 2369 2011 2450 esse,
2043 2368 2207 2424 nonam
2239 2365 2315 2422 au·

535 2451 630 2546 lem
660 2462 705 2543 dr
736 2461 954 2546 decimam
984 2474 1176 2571 costam,
1209 2473 1445 2576 utramque
1479 2467 1654 2551 duobus
1686 2467 1811 2552 lo'cis:
1851 2467 2107 2553 immediate
2151 2473 2209 2551 ad
2248 2466 2320 2548 in-

408 2681 416 2692 ,
508 2585 774 2704 ‘sartionem
807 2587 861 2672 in
891 2590 1112 2676 uertebris
1145 2603 1200 2676 et.
1225 2593 1374 2678 locum,
1406 2592 1571 2706 pollice
1604 2594 1714 2678 inde
1748 2595 2004 2704 absumens,
2030 2593 2315 2680 undecimam
2447 2665 2448 2668 .

533 2712 814 2798 solummodo
838 2719 898 2800 ad.
929 2717 1227 2802 insertionem
1254 2721 1570 2826 vertebralem3
1600 2717 1949 2831 fragmentorum
1973 2721 2312 2807 dislocationem
2447 2781 2448 2830 3

535 2837 779 2928 introrsum
810 2842 1123 2956 impressorum
1168 2855 1344 2932 tantum
1380 2849 1441 2932 ad
1469 2857 1671 2932 octavam
1717 2860 1884 2935 costam
1910 2851 2065 2934 locum
2093 2848 2318 2934 babuisse.
2447 2839 2448 2886 ⁷

537 2965 672 3050 Nunc
718 2969 863 3076 costis,
899 2997 1012 3084 qum
1050 2971 1212 3058 [tactae
1240 2985 1384 3081 erant,
1433 2973 1648 3082 reflexis,
1675 3002 1829 3088 aspera
1876 2977 2042 3063 arteria
2073 3003 2182 3058 mox
2232 2975 2320 3058 stab

536 3095 736 3206 l'arynge·
761 3108 935 3211 aperta,
965 3099 1178 3186 tubuhun
1206 3101 1262 3186 in
1291 3101 1559 3184 branchium
1593 3106 1816 3188 dextrum
1843 3102 1988 3226 intuli
2017 3113 2065 3188 et
2084 3129 2234 3216 aspera
2251 3129 2323 3184 ar·

539 3220 652 3304 teria
684 3222 881 3309 firmiter
913 3225 1030 3310 circa
1064 3227 1198 3312 illum
1227 3227 1428 3338 religata,
1462 3227 1682 3342 follisope
1700 3235 1917 3314 dextrum
1934 3232 2194 3346 pulmonum
2211 3235 2316 3314 aire
2416 3249 2448 3274 ·’

538 3345 738 3436 inflavi„
753 3349 912 3438 Statim
945 3379 1028 3465 per
1060 3360 1168 3439 duas
1200 3365 1451 3469 aperturas,
1484 3357 1797 3465 magnitudine
1830 3357 1915 3471 pisi
1959 3357 2138 3442 seminis
2171 3385 2316 3468 mqua-

536 3475 616 3583 les,
649 3481 726 3578 air
758 3504 784 3562 e
816 3479 1036 3593 pulmone·
1060 3481 1281 3595 prorupit.
1315 3481 1425 3566 sslae-
1469 3475 1590 3568 enim
1622 3510 1705 3597 per
1736 3484 2067 3598 depressionem
2100 3485 2320 3594 fragmen·

483 3595 515 3724 ‘⁸
543 3611 692 3688 torum
722 3618 945 3693 costartun,
973 3607 1124 3716 factae,
1151 3611 1213 3692 ad
1239 3609 1502 3722 parallelum
1536 3635 1641 3694 cum-
1672 3637 1732 3694 eo·
1759 3613 1865 3695 loco
1892 3612 2000 3697 sitae-
2030 3612 2317 3725 reperieban-

542 3739 629 3836 tur,
665 3759 770 3844 quo,
805 3735 916 3820 dum
945 3735 1128 3820 vixerat
1161 3762 1321 3843 senex,
1358 3746 1505 3820 tumor
1536 3741 1595 3821 ad
1626 3749 1863 3849 utramque
1896 3739 2233 3854 inspirationem
2268 3749 2317 3822 et

539 3857 878 3969 expirationem
922 3862 1121 3948 residere
1155 3865 1201 3951 ἃ
1237 3863 1335 3948 tolli
1368 3861 1621 3960 videbatur.
1658 3863 1931 3975 Sanguinem
1982 3879 2130 3951 autem
2166 3877 2325 3951 extra·-

538 3995 749 4096 vasatum,
783 4014 935 4100 neque
968 3991 1060 4074 hoc·
1085 3993 1202 4098 loco,
1235 4017 1386 4102 neque
1420 3991 1586 4076 alicubi
1621 3993 1674 4075 in
1711 3997 1877 4076 dextra
1927 3995 2123 4108 pectoris
2156 3995 2319 4078 cavita·

540 4119 590 4202 te.
619 4111 793 4202 inveni.
840 4113 907 4202 At
939 4121 1160 4205 dextrum·
1205 4120 1465 4233 pulmonem
1510 4129 1643 4203 antea
1683 4119 1836 4206 multis
1884 4119 1993 4206 locis
2026 4149 2125 4204 cum
2158 4122 2324 4234 pleura

540 4241 765 4350 coaluisse,
798 4245 1003 4356 pleuram
1031 4273 1146 4330 vero
1172 4244 1309 4358 ipsam
1341 4256 1388 4329 et
1422 4245 1706 4358 diaphragma
1739 4249 1914 4332 adhoc
1947 4249 2076 4356 latus,
2116 4248 2233 4334 sicut
2266 4247 2325 4330 in

536 4376 722 4477 pectore
756 4369 942 4456 sinistro
968 4371 1181 4460 infimum.
1208 4373 1431 4486 pulmonis
1463 4375 1631 4482 lobum,
1664 4375 1746 4458 ubi
1779 4375 1860 4460 ille
1893 4375 1948 4460 in
1983 4375 2320 4490 diaphragmate

539 4491 672 4600 iacet,
706 4495 978 4584 inflammata
1012 4497 1439 4613 fuisse,apparebat.
1465 4501 1605 4586 Color
1635 4502 1773 4587 huius
1804 4503 1900 4588 lobi
1931 4503 2200 4617 pulmonalis
2253 4503 2324 4586 di·

419 4689 423 4700 .
537 4619 676 4705 uersis
708 4622 818 4709 locis
866 4625 1069 4711 indurati
1101 4627 1268 4712 lividus
1302 4639 1412 4734 erat,
1447 4629 1574 4713 cilius
1606 4631 1858 4714 substantia,
1901 4613 2324 4716 suu'umaionibus

539 4747 672 4860 plena
705 4753 894 4862 spumosi
927 4755 1155 4864 sanguinis
1188 4755 1434 4840 rubicundi
1452 4759 1893 4870 deprehendebatur.
1919 4757 2112 4869 [leliqua
2145 4755 2321 4870 sinistri

537 4874 762 4987 pulmonis
810 4907 930 4993 pars,
981 4883 1197 4996 sanguine
1246 4885 1494 4994 destituta,
1522 4883 1683 4968 coloris
1733 4885 1903 4970 cinerei
1946 4897 2055 4971 erat.
2105 4883 2323 4968 Fundam

538 5003 757 5112 pericadii
791 5008 1118 5119 sesquiunciam
1153 5009 1487 5122 sanguinolenti
1505 5011 1597 5097 seri,
1626 5013 1904 5100 continebat.
1937 5011 2030 5102 Cor
2062 5039 2143 5126 pro
2179 5013 2330 5098 totius

540 5132 735 5241 corporis
769 5135 944 5219 ratione
976 5165 1176 5250 parvum,
1195 5138 1373 5224 sinister
1391 5141 1669 5224 ventriculus
1686 5167 1864 5250 vacuus,
1881 5147 2053 5226 dexter
2069 5151 2118 5226 et
2134 5165 2325 5250 quoque

536 5257 695 5345 atriauu
732 5261 849 5374 eius,
875 5264 1092 5374 sanguine
1144 5268 1373 5380 coagulato
1406 5267 1580 5380 plenus.
1616 5265 1710 5356 Sub
1759 5280 1977 5354 costarum
2026 5267 2224 5354 fractura
2272 5267 2335 5354 im
