4942 6048
910 432 913 436 ’
1007 429 1102 530 143

153 653 307 737 horam
342 650 518 761 gravior
550 647 704 737 fiebat.
737 643 971 738 Postremo
1001 633 1214 763 'aegrotus
1246 633 1413 736 culiare
1446 678 1540 738 non
1559 651 1738 768 potuit,
1761 652 1943 771 spiritus

155 782 292 887 celer,
327 784 482 864 sedere
517 779 644 862 illurn
678 789 726 862 et
760 788 894 893 caput
928 781 1157 894 paululum
1192 791 1315 864 retro
1349 786 1587 866 reductum
1640 793 1795 868 tenere
1845 810 1942 868 coe·

155 907 236 1018 git.
269 907 384 990 Haeo
417 910 663 1021 observata,
695 906 969 1019 priusquam,
1002 917 1055 990 ut
1087 907 1194 992 dixi
1227 907 1349 992 horis
1381 908 1467 992 iam
1504 909 1688 1020 triginta
1722 935 1805 994 sex
1840 938 1942 994 con-

155 1032 324 1140 sumtis,
360 1045 565 1146 aegrotus
598 1035 649 1115 in
683 1023 986 1138 nosocomium
1020 1036 1194 1120 delatus
1227 1045 1306 1120 est.

218 1159 372 1245 Primo
405 1166 617 1274 adspectu
650 1160 764 1243 mihi
794 1153 1142 1274 phoenomenon
1179 1163 1315 1248 totins
1364 1162 1572 1278 corporis.
1609 1165 1946 1282 emphysemate

156 1289 365 1402 occupati
397 1288 555 1396 visum,
590 1291 714 1399 quod
746 1287 1070 1398 integumentis
1087 1288 1397 1374 communibus
1411 1295 1468 1375 ad
1485 1292 1760 1374 horrendum
1781 1300 1945 1374 exten·

155 1414 227 1524 sis,
261 1417 310 1498 in
343 1423 527 1530 pectore
561 1426 667 1498 octo
696 1415 881 1529 pollices
900 1413 1062 1498 latum.
1088 1425 1198 1501 erat,
1240 1413 1285 1499 A
1333 1417 1558 1531 palpebris
1587 1427 1737 1519 autem
1770 1415 1944 1502 inflatis

155 1569 249 1626 non
283 1548 415 1626 modo
465 1543 616 1627 oculos
649 1541 700 1625 in
736 1552 879 1625 totum
913 1543 1131 1650 obtectos,
1164 1548 1242 1628 sed
1281 1548 1339 1626 ad
1372 1545 1446 1628 ovi
1480 1541 1717 1654 gallinacei
1751 1545 1946 1658 speciem

155 1672 214 1752 ad
247 1697 362 1779 gena
395 1697 535 1780 usque
571 1669 776 1754 demissos
807 1660 1063 1784 prominere
1098 1669 1525 1783 conspexi„hisque
1559 1697 1654 1754 non
1686 1671 1949 1757 dissimilem

155 1796 375 1880 labiorum
412 1808 644 1904 tumorem,
678 1796 758 1905 qui
792 1821 1037 1882 sermonem
1072 1794 1380 1882 difficiliorem
1414 1799 1646 1883 reddebat.
1683 1795 1945 1912 Superiores
2080 1895 2084 1902 ἡ

158 1921 490 2034 inferioresque
524 1922 721 2036 corporis
754 1923 1068 2008 extremitates
1125 1923 1289 2033 rigidas
1339 1925 1585 2032 extitisse,
1613 1913 1807 2010 scrotum
1856 1951 1948 2008 mo·

121 2054 219 2158 ,do
252 2050 518 2136 incredibili
551 2060 807 2155 extensum,
840 2049 1013 2134 ambitu
1046 2063 1179 2164 caput
1212 2048 1413 2158 infantis,
1466 2052 1545 2161 qui
1595 2049 1722 2136 vixit
1761 2075 1948 2159 annum,
2041 2135 2044 2142 ,

157 2203 377 2288 aequasse3=
403 2181 460 2261 ad
492 2177 687 2292 pectoris
720 2178 938 2298 dextrum
969 2177 1101 2286 latus,
1135 2203 1263 2293 supra
1312 2179 1547 2288 regionem
1591 2175 1954 2292 hypechondrii,

157 2307 335 2390 dorsum
368 2329 519 2390 versus
552 2313 833 2410 commotum,
850 2304 975 2387 inter
1008 2304 1346 2421 respirationem
1371 2305 1428 2388 ,in
1462 2313 1647 2419 pectore
1680 2308 1826 2389 locum
1867 2305 1949 2386 ali-

158 2455 292 2544 quem
324 2433 574 2547 apparuisse
607 2427 703 2516 fere
737 2431 1036 2516 orbiculatum
1070 2436 1134 2516 ad.
1161 2441 1355 2541 quatuor
1392 2431 1577 2547 pollices
1606 2432 1675 2516 'in
1725 2431 1953 2516 diametro

160 2560 487 2668 continentem,
521 2559 602 2669 qui
635 2559 759 2642 inter
792 2585 1015 2668 quamque
1049 2559 1388 2672 inspirationem
1422 2559 1651 2673 supprimi,
1691 2559 1815 2642 inter
1862 2561 1945 2643 ex·

158 2685 429 2800 pirationem
462 2696 610 2771 autem
644 2685 741 2798 pari
775 2711 875 2767 cum
909 2684 1084 2794 reliqua
1119 2685 1316 2799 corporis
1365 2684 1605 2799 superficie
1654 2683 1953 2802 altitudinem„

158 2813 326 2901 attolli
360 2839 533 2929 semper
579 2811 843 2900 videbatur..
865 2809 1136 2912 Huiusmodi
1176 2823 1343 2896 motum
1394 2813 1659 2896 alternatim·
1696 2816 1946 2926 proceden»

163 2949 252 3026 tem
285 2969 440 3026 sonum
474 2940 710 3046 excitasse,
743 2939 921 3049 qualern
954 2939 1100 3024 vesica
1132 2943 1239 3022 dum
1273 2938 1582 3053 comprimitur
1614 2939 1728 3024 sicca
1762 2942 1806 3024 dr
1839 2943 1942 3024 aere

161 3065 502 3182 completa-Ad
536 3075 712 3186 omnem
745 3093 863 3150 vero,
887 3076 1152 3150 contactum
1175 3067 1256 3150 vel
1288 3067 1559 3152 lenissimum
1592 3066 1772 3152 sensisse
1787 3091 1954 3175 aegros

164 3203 260 3278 tum
290 3221 442 3306 graves
475 3195 651 3278 dolores
684 3189 1096 3302 difficilioremque·
1118 3193 1753 3306 respirationem-Dextram
1774 3193 1944 3301 tibiam,

159 3324 371 3435 proxime¹
406 3321 565 3411 trienti
598 3345 676 3406 suo
711 3289 918 3403 inferiori
951 3347 1128 3434 parvam
1163 3320 1493 3430 sugillationem
1527 3321 1668 3406 oculis
1683 3319 1955 3441 praebuisse,¹

159 3455 381 3562 adquam
412 3447 669 3564 prominens
717 3451 798 3531 sub
832 3447 1166 3558 integumentis·
1189 3447 1371 3534 tumidis
1402 3459 1532 3532 acuta
1564 3449 1667 3534 ossis
1699 3446 1830 3532 fracti
1865 3475 1959 3534 ex·-

165 3579 366 3668 tremitae
394 3575 554 3662 sentiri
586 3575 1157 3692 poteratssllespirationis
1189 3573 1472 3662 functionem
1506 3587 1676 3685 aegroto
1709 3579 1840 3680 ‚valde
1856 3597 1944 3656 mo·

159 3701 337 3814 lestam,
370 3704 710 3819 inspirationem
744 3713 792 3787 et
825 3703 1158 3817 expirationem
1192 3717 1326 3786 unam
1358 3687 1672 3816 post'alteram
1708 3701 1943 3786 celerrime

162 3843 392 3942 sequutum
427 3859 533 3938 esse3
566 3856 718 3940 neque
753 3855 932 3940 carpum
966 3823 1134 3935 mands,
1167 3835 1319 3938 neque
1357 3841 1553 3941 tempora
1578 3829 1825 3941 prodidisse
1848 3829 1956 3940 pul*

165 3983 258 4044 sum
307 3957 513 4065 arte'riae,
547 3957 673 4040 cuius
707 3953 1038 4040 contractiones
1070 3981 1155 4068 ope
1172 3982 1340 4062 manus,
1359 3955 1485 4040 c'ordi
1519 3954 1754 4068 impositae,
1786 3981 1953 4068 parum·

163 4089 405 4170 admodum
448 4082 754 4168 animadverti»
783 4079 994 4194 potuisse,
1028 4107 1181 4165 vocem
1217 4109 1407 4191 raucam,
1438 4089 1596 4196 pectus
1629 4091 1861 4191 angustum
1895 4089 1956 4168 et.

157 4213 263 4298 *loco
312 4209 623 4323 sugillationis,
657 4236 760 4320 quae
793 4197 852 4293 inss
879 4207 989 4292 tibia
1023 4211 1199 4292 dextra
1230 4208 1342 4318 fnit,
1378 4209 1576 4295 dolorem
1608 4221 1790 4292 'acutum
1824 4207 1957 4294 exli·

167 4341 291 4426 fisse..
456 4418 462 4432 s
638 4347 650 4362 '
1256 4341 1258 4346 ’

173 4497 203 4548 ο
229 4467 354 4554 Hinc
388 4467 510 4551 haud
542 4465 755 4587 gravatim
774 4461 1040 4576 amictuque
1073 4474 1288 4549 naturam⁴
1310 4463 1434 4578 mali,
1466 4477 1728 4574 sanumque
1776 4463 1956 4578 prospi.»

168 4595 343 4704 cienti,
391 4595 643 4682 universale
694 4593 977 4708 emphysema
1027 4619 1053 4678 e
1108 4619 1383 4708 summopere
1435 4592 1694 4706 complicata
1743 4579 1953 4705 plurium-2

167 4735 383 4808 costarum
418 4722 613 4806 fractura
646 4730 791 4804 ortum
827 4745 918 4808 esse
952 4729 1005 4804 et
1032 4719 1271 4805 fracturam
1304 4720 1434 4807 simul
1466 4719 1516 4803 in
1551 4723 1716 4804 dextra
1753 4717 1863 4802 tibia
1880 4717 1942 4800 lo·

167 4877 267 4934 sum
301 4852 482 4958 habere,
513 4849 660 4934 statim
695 4858 744 4933 et
776 4846 909 4931 facile
941 4847 1326 4958 liquebat—Quo
1361 4847 1529 4934 certior
1550 4857 1697 4930 antem
1718 4845 1955 4932 existeret.

166 5001 414 5086 snoonosrs,
447 5005 501 5062 eo
536 4976 773 5061 difficilior
806 4999 934 5062 cuns·
964 4975 1228 5072 definienda
1261 4978 1352 5062 visa
1386 4973 1663 5062 est-Brevi
1685 4982 1830 5056 tamen
1848 4997 1953 5056 san--

157 5091 349 5217 'guinem
383 5131 409 5188 e
443 5104 626 5190 brachio
659 5110 828 5189 dextro
862 5101 958 5188 fere
991 5108 1048 5189 ad
1082 5103 1273 5190 sedecim
1307 5103 1461 5190 uncias
1494 5102 1765 5186 mittendum
1818 5125 1954 5182 curas·

167 5233 240 5325 vi„
260 5233 412 5323 Cruor.
442 5259 541 5317 osam
575 5236 679 5322 atre
710 5231 899 5340 mixtus,
933 5221 1156 5348 spumosus
1203 5232 1329 5322 lente
1371 5231 1613 5338 effluebat,
1642 5237 1690 5313 et
1722 5224 1833 5314 licet
1873 5251 1953 5314 rea
