4942 6048
986 437 1096 553 ..1⁷⁵

154 672 301 760 linteo
334 668 501 759 factum
534 671 741 779 inservit,
766 653 864 782 ¹q'uo
896 671 1074 784 reliqua
1105 667 1369 786 pulmonum
1401 697 1501 786 pars
1530 699 1558 758 a
1583 609 1796 789 prblapsu
1828 635 1939 793 pru.
2013 740 2023 758 .

156 811 377 890 caveatur.
412 797 463 888 Si
496 801 734 886 methodus
767 802 867 882 haec
895 826 986 883 una
1005 827 1120 885 ‘oum
1152 826 1317 884 summa
1350 802 1795 914 corporisanimique
1813 809 1939 916 quie·

125 937 203 1018 'te
235 955 332 1016 nou
364 928 581 1037 succedit,
617 926 860 1011 continuus
893 937 942 1011 et
980 927 1294 1013 vehementior
1325 927 1558 1040 paululum
1589 953 1761 1045 pressus
1813 937 1938 1020 adhi-

154 1059 330 1154 bendus
364 1065 444 1165 est,
477 1063 613 1165 atque
648 1054 895 1162 vinculum,
926 1055 1070 1140 veluti
1105 1053 1389 1140 bracherium
1422 1057 1480 1137 ad
1512 1055 1714 1141 herniam
1763 1063 1940 1148 umbili·
2064 1053 2066 1056 ’

155 1175 294 1268 salem
327 1194 627 1297 comparatum
659 1182 835 1294 pectori
868 1181 1114 1294 adponitur,
1147 1191 1195 1266 et
1227 1182 1399 1268 saucius
1431 1183 1556 1270 locus
1588 1183 1779 1298 pulvillo
1814 1200 1939 1276 arcte

151 1311 398 1420 obtegitur.
435 1309 608 1412 Quodsi
641 1320 817 1394 autem
811 1310 1024 1422 prolapsa
1055 1309 1316 1423 pulmonum
1348 1337 1448 1441 pars
1484 1322 1569 1394 tam
1603 1337 1759 1420 magna
1792 1314 1865 1423 sit,
1884 1324 1939 1400 ιιι

151 1464 436 1548 nequaquam
470 1437 519 1521 in
552 1437 747 1550 pectoris
780 1463 937 1518 cavum
969 1433 1133 1522 referri
1167 1435 1326 1545 ibique
1361 1444 1571 1536 c'onvfexo
1603 1437 1796 1558 pulvillo
1832 1444 1937 1529 reti·
1975 1507 1977 1510 -

150 1566 255 1650 neri
290 1565 426 1706 possit
459 1560 550 1682 (uti
583 1589 648 1646 ex
682 1591 744 1674 gr.
782 1563 833 1647 in
867 1589 967 1648 casu
1002 1591 1026 1646 a
1057 1563 1357 1648 Racnunlnno
1383 1575 1587 1649 mutuato
1606 1559 1753 1673 simili,
1777 1563 1938 1690 5164)

152 1691 288 1775 iuxta
322 1718 462 1775 meam
495 1689 755 1805 opinionem
788 1690 1069 1774 bracherium
1104 1715 1206 1774 eum
1230 1716 1424 1776 concavo
1457 1694 1648 1807 pulvillo
1665 1695 1938 1822 convenien-

153 1819 210 1907 tis
231 1803 564 1932 magnitudinis
597 1829 700 1944 apte
733 1817 942 1904 adhiberi
976 1821 1126 1905 debet.

961 1985 1251 2098 §,1.⁶⁶·'

170 2183 174 2190 ·
213 2151 430 2265 Denique
462 2173 705 2269 monemus,
738 2177 820 2237 nos
853 2151 1126 2268 solummodo
1158 2150 1437 2236 mentionem
1460 2123 1518 2236 de
1541 2150 1803 2265 pulmonum
1834 2180 1972 2268 pro·‚
2032 2181 2055 2253 χ

149 2279 276 2395 lapsu
308 2291 493 2370 eatenus
526 2279 602 2366 hio
636 2277 808 2386 iecisse,
843 2287 1064 2389 quatenus
1096 2277 1282 2361 aliarum
1313 2279 1509 2392 partium
1534 2305 1616 2392 per
1633 2279 1829 2394 pectoris
1843 2281 1939 2365 vul·

149 2434 260 2494 nera
291 2408 556 2552 prolapsum
575 2437 616 2494 v.
650 2435 688 2492 c.
723 2404 988 2520 epipleonis‚
1032 2410 1091 2490 de
1125 2404 1388 2492 vulneribus
1421 2405 1767 2551 diaphragmatis
1806 2407 1938 2498 disse·
1978 2501 1990 2514 ,
2127 2507 2131 2514 ,

150 2544 318 2654 rentes,
351 2535 607 2658 expeditori
641 2560 800 2622 sumus.
837 2531 940 2644 Hoc
974 2531 1174 2644 quidem,
1205 2531 1278 2615 uti
1328 2543 1479 2618 nostra
1511 2531 1602 2618 lert
1634 2533 1792 2648 opinio
1809 2535 1936 2632 recte

148 2652 350 2808 facimus,
383 2691 539 2775 qrurm
558 2661 655 2748 talis
665 2685 934 2774 nunquam
951 2665 1173 2766 occurrat,
1205 2656 1294 2746 nisi
1328 2659 1560 2748 existente
1593 2659 1797 2776 abnormi
1813 2687 1975 2794 aper·
2011 2687 2015 2696 ’

152 2789 253 2876 turi
284 2789 336 2874 in
366 2789 561 2905 pectoris
584 2799 712 2906 septo
743 2789 800 2874 ab
832 2781 1110 2874 abdomine

881 3025 898 3068 Ρ

852 3103 865 3153 l'
