4960 6054
1330 397 1464 500 'ss

547 659 661 754 ctus,
695 643 782 730 alia
814 667 923 730 vero
956 622 1080 728 fecta
1111 637 1164 724 in
1199 637 1346 726 cordis
1377 640 1679 728 scrobiculum
1705 651 1760 746 ,et
1787 641 1879 728 alla
1912 637 2116 753 deniqne
2155 641 2239 728 snb
2274 643 2334 730 si·

544 773 689 859 nistra
720 769 955 870 mamillari
989 769 1171 884 papilla,
1186 794 1354 862 versus,
1371 794 1448 852 oor
1480 767 1624 884 ipsum
1658 781 1706 856 et
1737 795 1835 856 vasa
1867 771 2032 878 majora
2053 781 2332 884 penetrasse,

542 897 844 986 nihilominus
879 908 1026 982 tamen
1059 897 1131 980 vel
1167 897 1266 978 haec
1299 893 1504 980 sauciatis
1534 921 1745 1014 prospere
1777 895 2022 1008 aliquando
2055 895 2232 1004 cessisse
2267 895 2334 980 vi·

544 1051 590 1113 aa
624 1037 744 1146 sunt,
778 1053 882 1138 quae
914 1026 1073 1108 horum
1106 1027 1237 1108 modo
1270 1019 1487 1136 superius,
1519 1032 1599 1106 aut
1629 1023 1742 1144 pilo
1756 1022 1889 1108 latius
1920 1033 2149 1138 provecta,
2173 1049 2334 1110 seeun-

544 1157 654 1240 dum
684 1151 911 1268 principia
947 1149 1224 1292 theoretica,
1240 1148 1489 1246 necessario
1519 1175 1602 1262 pro
1605 1123 1852 1236 lethiferis
1868 1147 2025 1234 haberi
2052 1149 2333 1236 debuissent.

546 1275 680 1395 Saepe
714 1279 805 1366 tela
837 1253 1078 1378 sauciantia
1098 1275 1221 1362 tales
1252 1275 1340 1370 sibi
1372 1273 1464 1360 vias
1497 1273 1725 1390 aperiunt,
1758 1286 1832 1364 ut
1843 1275 1928 1360 vix
1933 1274 2147 1386 intelligi
2173 1275 2334 1390 possit,

546 1433 665 1518 qno
675 1411 854 1498 tandem
884 1406 1014 1492 modo
1046 1413 1195 1516 partes
1240 1400 1465 1512 graviores
1496 1429 1593 1486 non
1625 1405 1865 1490 laedantur
1913 1399 2085 1512 Hujus
2096 1401 2164 1487 rei
2199 1429 2335 1488 causa

544 1541 683 1618 extra
716 1529 906 1618 dubium
939 1532 1189 1619 vocandum
1218 1529 1324 1616 satis
1356 1529 1688 1616 memorabilem
1721 1557 1867 1616 casum
1900 1527 2131 1644 nobiscum
2164 1528 2336 1614 Brona·

544 1684 663 1745 huno
685 1675 793 1774 (Neue
817 1672 1070 1764 Altnudlungm
1096 1677 1153 1744 dtr
1178 1681 1306 1792 soenlg.
1332 1675 1555 1746 absumtos
1578 1673 1757 1758 Academia
1781 1679 1840 1744 der
1866 1631 2145 1759 Wissmsrhajlm.
2163 1677 2264 1744 Τοιιι.
2277 1676 2334 1742 11.

545 1775 840 1892 trps.17st.)⁸)
876 1781 1191 1906 communicat,
1224 1785 1358 1898 quern
1373 1787 1451 1870 hic
1468 1809 1650 1931 quoque
1682 1783 1937 1870 inseramus.
1969 1777 2180 1872 Vulnere
2205 1783 2337 1870 enim

543 1911 775 2024 quondam
807 1869 1080 2024 solopetario
1106 1909 1250 2018 illato,
1283 1911 1536 2022 glandem
1520 1939 1573 1996 m
1610 1911 1752 1995 latere
1778 1909 1958 2004 sinistro
1989 1933 2016 1992 a
2048 1911 2171 1996 dorsi
2203 1909 2337 2024 spina

543 2050 593 2128 et
613 2037 788 2120 ultima
818 2036 1025 2132 vertebra
1060 2036 1222 2120 dorsali
1255 2043 1313 2122 ad
1344 2035 1519 2152 pollicis
1550 2036 1686 2121 unius
1718 2035 2006 2120 latitudinem
2038 2044 2336 2150 penetrasse,

542 2173 722 2270 narrat,
755 2187 851 2248 eam
882 2186 993 2261 vero
1022 2163 1157 2275 paulo
1189 2175 1304 2278 post,
1338 2162 1419 2246 ubi
1454 2173 1597 2248 totum
1630 2173 1787 2276 pectus
1820 2160 1869 2244 in
1906 2173 2201 2248 transversum
2233 2181 2339 2280 per·

543 2281 745 2396 measset,
778 2288 828 2372 in
860 2287 1003 2373 latere
1035 2291 1222 2395 dextro,
1254 2291 1310 2372 ab
1334 2288 1552 2374 anteriori
1585 2301 1722 2373 costas
1755 2288 2049 2374 extremitate
2083 2289 2340 2374 interco-

542 2427 654 2504 stam
686 2419 926 2500 secundam
957 2423 1032 2498 et
1043 2413 1220 2499 tertiam
1252 2414 1485 2530 prodiisse,
1530 2415 1720 2500 vulnere
1765 2413 1883 2497 circa
1917 2425 2113 2526 quatuor
2142 2415 2336 2530 pollicet

543 2567 759 2687 expanso
792 2538 1055 2652 Cujusmodi
1079 2540 1291 2649 .,vulnus
1333 2542 1457 2626 inter
1493 2539 1860 2684 periculosissima
1907 2541 2196 2650 habendum,
2249 2569 2340 2658 per

457 2713 461 2722 ·
543 2673 750 2782 quinque
767 2669 1067 2752 hebdomades
1101 2668 1301 2776 generali
1334 2693 1441 2753 cura
1473 2665 1749 2776 continuata,
1780 2667 1908 2751 nulla
1938 2667 2187 2782 peculiaria
2218 2697 2341 2786 sym·

542 2807 738 2912 ptomata
768 2793 979 2910 protulit,
1028 2797 1152 2880 unde
1184 2794 1362 2906 aliquid
1397 2793 1503 2876 mali
1550 2793 1786 2908 expectari
1818 2805 1976 2906 posset.
2009 2791 2168 2884 Simile
2200 2797 2340 2888 nobis

542 2923 806 3066 exemplum
837 2919 1039 3006 vulneris
1070 2922 1248 3036 puncti,
1272 2918 1458 3010 similem
1489 2931 1705 3008 eventum
1735 2920 1958 3033 habentis,
1980 2918 2131 3010 adfert
2131 2951 2340 3040 qnoque

540 3045 821 3138 Banasam
855 3043 1090 3136 Snomnor.

511 3223 518 3234 ·
609 3176 800 3284 Quod
778 3185 929 3258 autem
964 3172 1014 3258 in
1047 3172 1393 3289 penetrantibus
1423 3174 1622 3289 pectoris
1666 3105 1932 3260 vulneribus
1964 3199 2179 3260 summum
2211 3179 2337 3292 peri·

458 3371 466 3386 .
543 3302 696 3388 culum
728 3299 944 3413 minatur,
977 3311 1045 3384 est
1079 3301 1382 3388 extravasatio
1414 3299 1662 3410 sanguinis,
1697 3297 1992 3385 inflammatio
2026 3309 2088 3408 et,
2131 3331 2239 3412 quaa
2273 3329 2340 3390 se·

542 3428 703 3540 quitur
736 3399 875 3533 illam,
896 3364 1103 3520 ,tlroracis
1136 3427 1355 3512 viscerum
1387 3426 1662 3542 suppuratio.
1686 3425 1854 3512 Unde'
1840 3454 1925 3534 pam
1950 3452 2009 3512 ιιι
2026 3423 2188 3512 emb)
2206 3429 2340 3514 evin-

542 3556 588 3638 ci
618 3577 745 3668 posse
777 3551 971 3667 putavit,
1004 3553 1180 3636 nullum
1212 3553 1407 3668 pectoris
1437 3555 1602 3638 vulnus
1634 3552 1884 3638 insanabile
1925 3577 2034 3661 esse,
2082 3554 2173 3642 nisi
2223 3559 2338 3668 qui·

543 3705 726 3792 cunque
759 3679 1085 3790 haemorrhagii
1115 3691 1196 3766 aut
1226 3677 1585 3768 inflammatione
1618 3679 1927 3794 qualicunque
1959 3679 2234 3772 comitatum.

1364 3847 1391 3962 i
1431 3851 1506 3954 ³4·

605 4011 816 4106 Vulnera
845 4009 1042 4127 pectoris
1073 4010 1373 4126 penetrantia
1393 4021 1443 4098 et
1475 4009 1666 4097 vulnera
1715 4007 1859 4096 cranii
1898 4009 2101 4098 caritatis
2150 4010 2203 4096 in
2253 4041 2337 4104 no·

541 4141 682 4228 nullis
715 4139 839 4226 inter
870 4165 918 4226 se
967 4139 1265 4248 conveniunt3
1296 4137 1498 4254 pericula
1530 4147 1680 4222 autem
1719 4163 1875 4223 eorum
1906 4137 2062 4222 habito
2102 4153 2338 4256 respectu,

541 4269 691 4384 priora
725 4263 1046 4380 posterioribus
1077 4267 1221 4350 multo
1253 4265 1401 4352 minus
1441 4262 1627 4373 lethalia
1667 4263 1973 4378 reperiuntur.
2005 4263 2107 4349 Hoc
2142 4265 2335 4376 quidem

477 4387 482 4397 ’
542 4419 570 4480 e
604 4394 778 4478 duobus
808 4391 1007 4501 maxime
1041 4391 1293 4478 rationibus
1325 4400 1450 4477 recte
1482 4393 1711 4514 deducere
1742 4415 1980 4504 possumus:
2007 4392 2188 4506 partire,
2205 4399 2338 4508 quod

606 4613 710 4684 Miles
736 4627 853 4684 autem
879 4615 1055 4682 sauciatus
1081 4611 1171 4700 nihil
1196 4612 1279 4680 inde
1305 4611 1523 4680 incommodi
1550 4611 1735 4697 sentiebat,
1763 4609 1872 4682 modo
1899 4621 2015 4678 antem
2033 4612 2185 4680 cicatrix
2210 4627 2338 4704 poste-

605 4723 680 4786 rior
706 4739 832 4808 parum
858 4720 1015 4786 eminere
1040 4715 1237 4783 videbatur.
1265 4713 1358 4782 Vide
1383 4717 1534 4804 voyage
1576 4724 1702 4782 autour
1729 4712 1777 4779 dn
1805 4713 2037 4804 monde-par
2061 4715 2209 4784 Etiemre
2235 4721 2341 4786 mn-

506 4861 515 4870 ·
607 4837 728 4890 cnam.
760 4825 810 4889 8⁰.
837 4821 945 4887 Paris.
973 4837 1028 4884 an
1045 4817 1105 4884 Vl.
1121 4821 1174 4900 x⁵1⁸.
1203 4823 1230 4886 1.
1257 4839 1293 4906 p.
1312 4838 1393 4904 ¹97·
1408 4826 1445 4884 et
1458 4816 1758 4904 ejusdemoperis
1785 4817 1997 4884 transversio
2011 4819 2230 4904 germanica:
2250 4825 2335 4904 „aa

604 4929 807 4992 Μιιιοιιιιιιι.
834 4921 902 4990 Die
929 4929 1074 4988 renate
1102 4919 1208 4990 λειω
1239 4939 1301 4986 um
1339 4915 1400 4990 die
1431 4917 1531 4988 wett
1556 4923 1593 4990 in
1617 4917 1690 4991 den
1713 4915 1841 4990 Iahren
1878 4941 2123 5010 1790-1792.
2154 4923 2207 4992 8⁰.
2234 4923 2348 5014 tipa-

603 5031 646 5096 Τ.
675 5033 701 5095 1.
755 5075 763 5092 .
796 5024 992 5102 ι44-ι45.

540 5129 580 5218 a)
607 5047 788 5209 escarlis,
815 5123 907 5192 Bibl
935 5119 1089 5207 ehirurg.
1115 5125 1216 5192 Tom.
1242 5125 1336 5192 Vlll.
1363 5125 1503 5213 p.195.

541 5227 583 5320 h)
610 5235 658 5298 ts
682 5235 790 5300 Dm.
818 5247 848 5294 ι.
876 5245 908 5294 c.
933 5245 970 5315 p.
988 5226 1070 5292 286.
