4942 6048
1319 371 1458 494 'aas

528 651 650 726 teum
682 635 973 752 compositum
1004 634 1059 718 vi
1085 659 1161 720 sua
1193 634 1419 746 attingere
1450 663 1546 721 non
1576 648 1741 751 potest,
1773 663 1944 755 pressus
1976 638 2120 750 igitur
2150 639 2306 728 solum·

527 768 659 851 modo
693 761 883 880 impedit
915 762 1030 848 aeris
1062 763 1113 847 in
1145 763 1366 875 superiori
1401 765 1509 849 tella
1526 765 1737 850 cellulosa
1754 766 2306 880 propagationemaNilrilo

526 893 670 978 secius
702 897 779 975 aer
796 915 969 1004 semper
999 899 1209 1005 penetrat
1242 891 1292 974 in
1324 887 1641 1004 profundiores
1676 891 1798 976 tellae
1831 895 2060 980 cellulosae
2092 895 2235 1001 strias,
2257 895 2308 980 si·

528 1021 623 1104 mul
654 1044 764 1103 vero
797 1019 854 1103 in.
880 1018 1074 1132 pectoris
1107 1016 1299 1102 cavitate
1332 1019 1639 1106 accumulatur
1657 1029 1708 1102 et
1738 1021 1818 1130 sub
1839 1022 1944 1105 tella
1962 1022 2189 1129 cellulosa,
2207 1049 2306 1106 cum

531 1146 641 1230 vasis
674 1146 868 1259 pectoris
901 1143 1142 1230 maioribus
1174 1150 1477 1258 procedente,
1503 1157 1647 1260 potest
1681 1146 1918 1232 adomnia
1950 1174 2195 1264 prorepere
2229 1149 2310 1234 vis-

531 1283 804 1384 cera,atque
836 1273 899 1357 sic
933 1271 1011 1354 illa
1043 1272 1268 1360 attollere.
1300 1269 1418 1356 Inde
1452 1275 1569 1355 hane
1603 1273 1863 1380 methodum
1897 1273 2140 1394 (unacum
2176 1273 2310 1362 Saar-
2451 1315 2452 1330 c

532 1395 788 1516 amaraco)
821 1401 902 1483 ubi
938 1401 1221 1513 emphysema
1254 1403 1321 1482 ab.
1344 1399 1600 1484 immediata
1631 1399 1804 1482 viarum
1848 1401 2068 1486 aeriarum
2100 1412 2312 1518 apertura

531 1525 711 1634 existit,
745 1555 840 1612 non
872 1529 1004 1611 modo
1038 1553 1133 1608 non
1166 1525 1485 1635 sufficientem,
1514 1539 1675 1610 'verum
1698 1526 1844 1609 etiam
1878 1529 2073 1614 maxime
2090 1529 2311 1643 periculo·

404 1733 407 1736 .
532 1679 621 1739 sam
652 1655 875 1739 habemus.
909 1651 1078 1738 Contra
1112 1679 1220 1738 vero
1255 1683 1303 1740 ea
1339 1665 1443 1768 apte
1475 1654 1526 1740 in
1560 1653 1805 1740 subsidium
1839 1656 2086 1770 utimur,si
2102 1656 2312 1769 pr'ius,ut

531 1788 682 1904 postea
710 1802 752 1896 (s.
780 1802 881 1889 ψ.)
907 1777 1429 1892 videbimus,methodus
1447 1787 1657 1894 quaedam
1690 1778 1922 1868 efficacior
1937 1784 2141 1871 adhibita
2156 1782 2322 1872 fuerit

1335 1983 1361 2098 g
1406 1990 1521 2088 1492

598 2180 752 2283 Quum
783 2179 926 2291 igitur
958 2192 1112 2268 nostro
1145 2181 1202 2265 i'n
1230 2207 1329 2266 casu
1365 2182 1714 2296 emphysematis
1744 2185 1931 2293 genesin
1966 2194 2061 2269 tum
2094 2211 2159 2269 ex
2199 2183 2322 2268 airis

532 2334 616 2421 per
646 2309 810 2394 vulnus
842 2319 1089 2394 externum
1122 2309 1172 2393 in
1204 2310 1399 2422 pectoris
1447 2308 1681 2394 cavitatem
1732 2310 1933 2420 ingressi,
1985 2321 2077 2396 tum
2125 2337 2210 2424 per
2243 2312 2314 2394 lae·

533 2461 628 2536 snm
659 2436 922 2548 pulmonum
954 2438 1259 2549 parenchyma
1291 2435 1564 2559 extravasati
1596 2437 1751 2522 reditu
1804 2438 2022 2552 impedito
2071 2439 2320 2552 provenire

532 2561 738 2646 novimus
765 2583 800 2669 (ς
832 2582 933 2669 155),
953 2565 1010 2646 ad
1043 2564 1333 2647 sublevandas
1380 2562 1552 2676 priores
1584 2567 1693 2648 duas
1727 2557 1958 2668 curativas-
1995 2565 2322 2671 indicationes,

532 2689 858 2800 nonnunquam
892 2691 1097 2779 remedia.
1123 2687 1396 2797 efficaciora,
1419 2715 1762 2808 qrrampressum
1790 2713 1833 2806 (s
1860 2715 1949 2802 ω)
1977 2692 2195 2778 adhibere
2222 2717 2315 2807 pos·

534 2829 706 2926 sumus,
731 2824 778 2900 et
811 2817 1023 2927 quidem-2
1252 2829 1261 2836 ·

597 2940 641 3064 a)
676 2969 1144 3034 summasunmna
1174 2969 1744 3031 nxrnnnrmnrnarronan.
1780 2945 2017 3048 Quomodo
2033 2956 2182 3032 antem
2214 2947 2324 3037 haeu

469 3121 472 3128 ι
535 3081 584 3154 et
616 3071 698 3156 sub
732 3072 896 3182 quibus
929 3072 1116 3158 cautelis
1133 3069 1240 3158 fieri
1257 3073 1411 3179 debet,
1436 3072 1522 3155 iam
1549 3083 1681 3158 antea
1713 3094 1856 3180 (5152.)
1891 3073 2327 3187 satisexposuimus„
2451 3117 2452 3128 κ

536 3195 587 3288 Si
621 3201 904 3312 emphysema
936 3210 1049 3314 post.
1068 3201 1231 3292 uulnus
1264 3199 1315 3284 in
1364 3197 1539 3312 duplici
1587 3197 1687 3283 loco
1736 3197 1903 3283 factum
1931 3219 1969 3308 (ς
2002 3223 2090 3306 155)
2117 3209 2324 3315 apparet,
2451 3253 2452 3292 ᾗ

536 3334 728 3435 utraque
762 3336 978 3438 apertura.
1002 3326 1232 3414 dilaunda
1259 3336 1390 3412 estet
1407 3351 1565 3439 corpus
1582 3326 1794 3434 alienum,
1828 3324 1946 3432 forte
1978 3327 2048 3412 ibi
2079 3329 2239 3438 latens,
2264 3327 2326 3412 si·-
2451 3343 2452 3416 l

456 3507 460 3516 -
536 3477 592 3534 ve
626 3451 749 3561 glans
781 3460 881 3564 post
913 3451 1174 3566 solopetaria
1207 3455 1426 3559 uulnera,
1451 3452 1544 3538 sive
1576 3453 1736 3539 ossium
1770 3450 2017 3564 fragmenta
2050 3467 2147 3569 post
2180 3465 2327 3540 costa·-
2451 3433 2452 3492 ³

536 3604 636 3662 rum
670 3575 925 3686 fractruam,
943 3577 1035 3664 sive
1069 3579 1184 3690 quid
1215 3579 1324 3662 huie
1357 3579 1502 3664 simile
1535 3581 1882 3668 extrahendum.
1910 3587 2156 3666 secundum
2190 3609 2332 3690 regu·-

536 3705 613 3814 las,
647 3730 755 3815 quas
788 3703 1017 3818 incapite
1050 3712 1108 3790 de
1140 3707 1379 3820 praesentia
1413 3708 1609 3820 corporis
1641 3707 1789 3792 alieni.
1813 3733 1942 3820 supra
1960 3729 2168 3822 (tracas)
2202 3719 2336 3802 attus

535 3831 692 3920 limus..
713 3827 804 3918 Hic
837 3833 1071 3920 observare
1087 3833 1273 3922 sufficit„
1293 3831 1494 3924 mnan
1520 3853 1717 3939 (caunum
1742 3857 1992 3922 cl’ossewazons
2029 3875 2045 3918 ι
2076 3855 2255 3940 ristessuns
2281 3859 2318 3924 ds·

537 3981 715 4069 chirurgia
742 3981 888 4046 usurus.
904 3979 1176 4048 semrom.
1204 3981 1404 4067 1141801)
1439 3957 1656 4044 eiusmodi
1689 3957 1890 4043 vulneris
1923 3958 2190 4047 dilatatione
2208 3963 2333 4046 mul·-

540 4085 684 4174 toties·
704 4085 1193 4199 iussemphysematibus,
1210 4085 1485 4197 quibuscum
1495 4067 1686 4172 vulnera
1699 4083 1895 4202 pectoris
1911 4087 2153 4174 coniuncta
2171 4099 2331 4200 erant,
2451 4119 2452 4194 t

537 4222 738 4327 optatum
772 4237 1026 4324 successum.
1049 4214 1281 4302 habuisse..
2451 4195 2452 4228 Ν

602 4355 651 4477 b)
685 4354 939 4445 Iuorsronns·
958 4383 1019 4442 nn
1051 4383 1445 4446 scnmsrcnmourss.
1480 4357 1639 4460 Quum
1653 4383 1826 4472 ‚nempe
1860 4359 1916 4444 in·
1944 4359 2132 4448 diversis
2164 4389 2333 4475 corpo-

540 4483 601 4570 ris
633 4485 742 4568 locis
776 4487 985 4570 lanceola·
1007 4485 1145 4569 variae
1178 4483 1419 4572 incisiones
1454 4487 1638 4572 tumor-is
1656 4487 2023 4600 emphysematioi
2039 4499 2320 4600 peraguntur

541 4620 588 4698 st
623 4621 731 4695 tuno
764 4624 984 4696 vocantur
1017 4612 1257 4698 incisiones
1308 4613 1455 4714 asaiae-
1478 4609 1762 4734 (ousertures
1799 4611 2066 4736 tranchees).
2099 4615 2186 4702 His
2218 4617 2332 4726 qui--

458 4735 466 4750 '
540 4742 643 4823 dem
676 4737 761 4843 vix
793 4740 999 4854 peractis,
1032 4741 1192 4826 statim.
1214 4743 1291 4823 atr
1323 4766 1421 4824 cum
1456 4741 1589 4826 sibilo
1620 4740 1872 4854 prorumpit
1919 4767 1985 4826 ex
2015 4743 2237 4856 aperturis
2271 4755 2331 4830 et

541 4859 695 4952 eadent
730 4867 935 4976 ratione„
955 4871 1139 4979 quaafr
1172 4877 1430 4975 evacuatur,
1465 4867 1636 4954 residet
1668 4879 1827 4953 tumor.
1860 4869 2040 4954 Deinde
2069 4869 2203 4956 ctiam
2238 4899 2326 4957 ex-

539 4987 728 5105 pellitur
758 5021 911 5109 pressu
943 4993 993 5080 'et
1024 4993 1307 5111 palpatione..
1328 4989 1406 5084 Aa
1438 4994 1554 5078 hanc
1587 5004 1735 5079 autem
1769 4997 2029 5080 methodum
2063 4999 2202 5110 magis
2234 5000 2333 5084 uti·
2451 5075 2452 5112 ᾖ

540 5121 629 5206 lem
663 5125 953 5230 reddendam,
987 5121 1229 5206 incisiones
1261 5121 1362 5206 satis
1395 5121 1633 5236 profundae
1667 5118 1790 5208 fiant,
1816 5149 1996 5211 necesse
2016 5136 2121 5233 est,
2134 5154 2224 5237 quo
2243 5133 2328 5212 ae'r
2451 5121 2452 5208 ἷ

543 5273 723 5365 proque
756 5248 877 5340 intra
908 5247 1114 5368 pectoris-
1136 5249 1373 5338 cavitatem
1408 5259 1727 5361 extravasatus,
1743 5249 1872 5336 velut
1887 5252 2085 5340 omnium
2103 5255 2343 5346 malorum.
