<?xml version="1.0" encoding="UTF-8"?>
<!DOCTYPE html PUBLIC "-//W3C//DTD XHTML 1.0 Transitional//EN"
    "http://www.w3.org/TR/xhtml1/DTD/xhtml1-transitional.dtd">
<html xmlns="http://www.w3.org/1999/xhtml" xml:lang="en" lang="en">
 <head>
  <title>
</title>
<meta http-equiv="Content-Type" content="text/html;charset=utf-8" />
  <meta name='ocr-system' content='tesseract 3.04.00' />
  <meta name='ocr-capabilities' content='ocr_page ocr_carea ocr_par ocr_line ocrx_word'/>
</head>
<body>
  <div class='ocr_page' id='page_1' title='image "./tractatusdevuln00mayegoog_0064.png"; bbox 0 0 4960 6054; ppageno 0'>
   <div class='ocr_carea' id='block_1_1' title="bbox 1047 457 1101 518">
    <p class='ocr_par' dir='ltr' id='par_1_1' title="bbox 1047 457 1101 518">
     <span class='ocr_line' id='line_1_1' title="bbox 1047 457 1101 518; baseline -0.037 0"><span class='ocrx_word' id='word_1_1' title='bbox 1047 457 1101 518; x_wconf 80' lang='lat'><strong>21</strong></span> 
     </span>
    </p>
   </div>
   <div class='ocr_carea' id='block_1_2' title="bbox 112 655 2039 1535">
    <p class='ocr_par' dir='ltr' id='par_1_2' title="bbox 112 655 2005 902">
     <span class='ocr_line' id='line_1_2' title="bbox 112 655 1961 773; baseline 0.003 -33"><span class='ocrx_word' id='word_1_2' title='bbox 112 730 122 740; x_wconf 94' lang='lat'>.</span> <span class='ocrx_word' id='word_1_3' title='bbox 180 683 319 768; x_wconf 88' lang='lat' dir='ltr'><strong>quum</strong></span> <span class='ocrx_word' id='word_1_4' title='bbox 352 659 411 746; x_wconf 93' lang='lat' dir='ltr'><strong>ad</strong></span> <span class='ocrx_word' id='word_1_5' title='bbox 442 657 718 773; x_wconf 89' lang='lat' dir='ltr'><strong>superiorem</strong></span> <span class='ocrx_word' id='word_1_6' title='bbox 751 657 1033 770; x_wconf 88' lang='lat' dir='ltr'><strong>mediamque</strong></span> <span class='ocrx_word' id='word_1_7' title='bbox 1066 656 1170 744; x_wconf 90' lang='lat' dir='ltr'><strong>ossis</strong></span> <span class='ocrx_word' id='word_1_8' title='bbox 1203 656 1344 744; x_wconf 89' lang='lat' dir='ltr'><strong>sterni</strong></span> <span class='ocrx_word' id='word_1_9' title='bbox 1378 669 1547 772; x_wconf 90' lang='lat' dir='ltr'><strong>partem</strong></span> <span class='ocrx_word' id='word_1_10' title='bbox 1581 655 1871 772; x_wconf 82' lang='lat' dir='ltr'><strong>penetrasset,</strong></span> <span class='ocrx_word' id='word_1_11' title='bbox 1904 663 1961 745; x_wconf 92' lang='lat' dir='ltr'><strong>ad</strong></span> 
     </span>
     <span class='ocr_line' id='line_1_3' title="bbox 178 783 2005 902; baseline 0.002 -34"><span class='ocrx_word' id='word_1_12' title='bbox 178 787 286 902; x_wconf 65' lang='lat' dir='ltr'><strong>ostis</strong></span> <span class='ocrx_word' id='word_1_13' title='bbox 319 785 604 900; x_wconf 77' lang='lat' dir='ltr'><strong>superficiem</strong></span> <span class='ocrx_word' id='word_1_14' title='bbox 636 787 897 900; x_wconf 84' lang='lat' dir='ltr'><strong>processisse</strong></span> <span class='ocrx_word' id='word_1_15' title='bbox 931 796 979 872; x_wconf 94' lang='lat' dir='ltr'><strong>et</strong></span> <span class='ocrx_word' id='word_1_16' title='bbox 1010 790 1068 870; x_wconf 94' lang='lat' dir='ltr'><strong>ad</strong></span> <span class='ocrx_word' id='word_1_17' title='bbox 1100 796 1246 899; x_wconf 91' lang='lat' dir='ltr'><strong>partes</strong></span> <span class='ocrx_word' id='word_1_18' title='bbox 1264 783 1502 872; x_wconf 86' lang='lat' dir='ltr'><strong>inferiores</strong></span> <span class='ocrx_word' id='word_1_19' title='bbox 1527 813 1796 893; x_wconf 78' lang='lat' dir='ltr'>conversam,</span> <span class='ocrx_word' id='word_1_20' title='bbox 1828 788 1962 894; x_wconf 89' lang='lat' dir='ltr'><strong>juxta</strong></span> <span class='ocrx_word' id='word_1_21' title='bbox 2001 849 2005 859; x_wconf 80' lang='lat'>.</span> 
     </span>
    </p>

    <p class='ocr_par' dir='ltr' id='par_1_3' title="bbox 182 911 2039 1158">
     <span class='ocr_line' id='line_1_4' title="bbox 184 911 2039 1026; baseline 0 -30"><span class='ocrx_word' id='word_1_22' title='bbox 184 911 496 1022; x_wconf 87' lang='lat' dir='ltr'><strong>integumenta</strong></span> <span class='ocrx_word' id='word_1_23' title='bbox 528 913 778 1000; x_wconf 72' lang='lat' dir='ltr'>abdominis</span> <span class='ocrx_word' id='word_1_24' title='bbox 809 918 867 998; x_wconf 91' lang='lat' dir='ltr'><strong>ad</strong></span> <span class='ocrx_word' id='word_1_25' title='bbox 899 918 1115 998; x_wconf 80' lang='lat' dir='ltr'><strong>dextnsm</strong></span> <span class='ocrx_word' id='word_1_26' title='bbox 1148 939 1289 1021; x_wconf 89' lang='lat' dir='ltr'><strong>usque</strong></span> <span class='ocrx_word' id='word_1_27' title='bbox 1322 912 1458 997; x_wconf 88' lang='lat' dir='ltr'><strong>scroti</strong></span> <span class='ocrx_word' id='word_1_28' title='bbox 1482 915 1596 998; x_wconf 92' lang='lat' dir='ltr'><strong>latus</strong></span> <span class='ocrx_word' id='word_1_29' title='bbox 1613 913 1885 1026; x_wconf 87' lang='lat' dir='ltr'><strong>pervenisse,</strong></span> <span class='ocrx_word' id='word_1_30' title='bbox 1902 924 1962 996; x_wconf 91' lang='lat' dir='ltr'><strong>at·</strong></span> <span class='ocrx_word' id='word_1_31' title='bbox 2033 963 2039 980; x_wconf 64' lang='grc'>«</span> 
     </span>
     <span class='ocr_line' id='line_1_5' title="bbox 182 1033 1988 1158; baseline 0.001 -36"><span class='ocrx_word' id='word_1_32' title='bbox 182 1067 271 1147; x_wconf 91' lang='lat' dir='ltr'><strong>que</strong></span> <span class='ocrx_word' id='word_1_33' title='bbox 306 1041 416 1126; x_wconf 90' lang='lat' dir='ltr'><strong>inde</strong></span> <span class='ocrx_word' id='word_1_34' title='bbox 449 1041 587 1126; x_wconf 85' lang='lat' dir='ltr'><strong>serius</strong></span> <span class='ocrx_word' id='word_1_35' title='bbox 621 1053 861 1158; x_wconf 87' lang='lat' dir='ltr'><strong>exemtam.</strong></span> <span class='ocrx_word' id='word_1_36' title='bbox 892 1039 1082 1126; x_wconf 80' lang='lat' dir='ltr'><strong>Hanurm</strong></span> <span class='ocrx_word' id='word_1_37' title='bbox 1112 1033 1151 1148; x_wconf 78' lang='lat'><strong>⁸),</strong></span> <span class='ocrx_word' id='word_1_38' title='bbox 1185 1039 1328 1124; x_wconf 89' lang='lat' dir='ltr'><strong>simile</strong></span> <span class='ocrx_word' id='word_1_39' title='bbox 1362 1041 1621 1152; x_wconf 91' lang='lat' dir='ltr'><strong>exemplum</strong></span> <span class='ocrx_word' id='word_1_40' title='bbox 1638 1039 1794 1124; x_wconf 88' lang='lat' dir='ltr'><strong>militis</strong></span> <span class='ocrx_word' id='word_1_41' title='bbox 1820 1041 1988 1158; x_wconf 75' lang='lat' dir='ltr'><strong>cujus&#39;</strong></span> 
     </span>
    </p>

    <p class='ocr_par' dir='ltr' id='par_1_4' title="bbox 179 1165 1960 1535">
     <span class='ocr_line' id='line_1_6' title="bbox 180 1165 1960 1280; baseline 0.001 -30"><span class='ocrx_word' id='word_1_42' title='bbox 180 1169 280 1250; x_wconf 88' lang='lat' dir='ltr'><strong>dam</strong></span> <span class='ocrx_word' id='word_1_43' title='bbox 313 1165 476 1276; x_wconf 78' lang='lat' dir='ltr'><strong>adfert,</strong></span> <span class='ocrx_word' id='word_1_44' title='bbox 509 1167 605 1276; x_wconf 91' lang='lat' dir='ltr'><strong>qui,</strong></span> <span class='ocrx_word' id='word_1_45' title='bbox 639 1168 841 1256; x_wconf 78' lang='lat' dir='ltr'><strong>extensis</strong></span> <span class='ocrx_word' id='word_1_46' title='bbox 873 1167 1083 1276; x_wconf 89' lang='lat' dir='ltr'><strong>humeris,</strong></span> <span class='ocrx_word' id='word_1_47' title='bbox 1117 1168 1273 1254; x_wconf 88' lang='lat' dir='ltr'><strong>scalam</strong></span> <span class='ocrx_word' id='word_1_48' title='bbox 1297 1166 1664 1280; x_wconf 89' lang='lat' dir='ltr'><strong>oppugnatoriam</strong></span> <span class='ocrx_word' id='word_1_49' title='bbox 1688 1193 1960 1277; x_wconf 88' lang='lat' dir='ltr'><strong>ascensurus,</strong></span> 
     </span>
     <span class='ocr_line' id='line_1_7' title="bbox 180 1279 1959 1408; baseline 0.001 -34"><span class='ocrx_word' id='word_1_50' title='bbox 180 1291 321 1376; x_wconf 90' lang='lat' dir='ltr'><strong>ictum</strong></span> <span class='ocrx_word' id='word_1_51' title='bbox 354 1293 405 1377; x_wconf 93' lang='lat' dir='ltr'><strong>in</strong></span> <span class='ocrx_word' id='word_1_52' title='bbox 437 1295 627 1378; x_wconf 89' lang='lat' dir='ltr'><strong>mediam</strong></span> <span class='ocrx_word' id='word_1_53' title='bbox 660 1279 880 1408; x_wconf 85' lang='lat' dir='ltr'><strong>scapulam</strong></span> <span class='ocrx_word' id='word_1_54' title='bbox 912 1295 1101 1408; x_wconf 86' lang='lat' dir='ltr'><strong>accepit,</strong></span> <span class='ocrx_word' id='word_1_55' title='bbox 1136 1321 1266 1402; x_wconf 88' lang='lat' dir='ltr'><strong>quam</strong></span> <span class='ocrx_word' id='word_1_56' title='bbox 1309 1293 1492 1402; x_wconf 88' lang='lat' dir='ltr'><strong>quidem</strong></span> <span class='ocrx_word' id='word_1_57' title='bbox 1526 1295 1648 1404; x_wconf 84' lang='lat' dir='ltr'><strong>glans</strong></span> <span class='ocrx_word' id='word_1_58' title='bbox 1688 1293 1959 1406; x_wconf 90' lang='lat' dir='ltr'><strong>penetravit,</strong></span> 
     </span>
     <span class='ocr_line' id='line_1_8' title="bbox 179 1419 1959 1535; baseline 0 -33"><span class='ocrx_word' id='word_1_59' title='bbox 179 1429 227 1502; x_wconf 87' lang='lat' dir='ltr'><strong>et</strong></span> <span class='ocrx_word' id='word_1_60' title='bbox 262 1447 399 1528; x_wconf 88' lang='lat' dir='ltr'><strong>quum</strong></span> <span class='ocrx_word' id='word_1_61' title='bbox 430 1447 625 1508; x_wconf 90' lang='lat' dir='ltr'><strong>aversam</strong></span> <span class='ocrx_word' id='word_1_62' title='bbox 657 1422 852 1535; x_wconf 82' lang='lat' dir='ltr'><strong>pectoris</strong></span> <span class='ocrx_word' id='word_1_63' title='bbox 884 1432 1020 1531; x_wconf 88' lang='lat' dir='ltr'><strong>atque</strong></span> <span class='ocrx_word' id='word_1_64' title='bbox 1053 1420 1304 1507; x_wconf 85' lang='lat' dir='ltr'><strong>abdominis</strong></span> <span class='ocrx_word' id='word_1_65' title='bbox 1336 1433 1507 1534; x_wconf 92' lang='lat' dir='ltr'><strong>partem</strong></span> <span class='ocrx_word' id='word_1_66' title='bbox 1541 1425 1785 1506; x_wconf 89' lang='lat' dir='ltr'><strong>secundum</strong></span> <span class='ocrx_word' id='word_1_67' title='bbox 1817 1419 1959 1530; x_wconf 92' lang='lat' dir='ltr'><strong>longi·</strong></span> 
     </span>
    </p>
   </div>
   <div class='ocr_carea' id='block_1_3' title="bbox 181 1546 2115 1663">
    <p class='ocr_par' dir='ltr' id='par_1_5' title="bbox 181 1546 2115 1663">
     <span class='ocr_line' id='line_1_9' title="bbox 181 1546 2115 1663; baseline 0.001 -37"><span class='ocrx_word' id='word_1_68' title='bbox 181 1546 384 1631; x_wconf 72' lang='lat' dir='ltr'><strong>tudinem</strong></span> <span class='ocrx_word' id='word_1_69' title='bbox 416 1547 721 1660; x_wconf 74' lang='lat' dir='ltr'><strong>praeteriisset,</strong></span> <span class='ocrx_word' id='word_1_70' title='bbox 738 1549 944 1663; x_wconf 88' lang='lat' dir='ltr'><strong>perrupit</strong></span> <span class='ocrx_word' id='word_1_71' title='bbox 977 1549 1027 1633; x_wconf 91' lang='lat' dir='ltr'><strong>in</strong></span> <span class='ocrx_word' id='word_1_72' title='bbox 1060 1549 1277 1636; x_wconf 89' lang='lat' dir='ltr'><strong>musculos</strong></span> <span class='ocrx_word' id='word_1_73' title='bbox 1310 1549 1497 1658; x_wconf 90' lang='lat' dir='ltr'><strong>gluteos,</strong></span> <span class='ocrx_word' id='word_1_74' title='bbox 1529 1558 1665 1656; x_wconf 90' lang='lat' dir='ltr'><strong>atque</strong></span> <span class='ocrx_word' id='word_1_75' title='bbox 1700 1548 1750 1630; x_wconf 95' lang='lat' dir='ltr'><strong>in</strong></span> <span class='ocrx_word' id='word_1_76' title='bbox 1767 1548 1961 1632; x_wconf 72' lang='lat' dir='ltr'><strong>anterio</strong></span> <span class='ocrx_word' id='word_1_77' title='bbox 2044 1581 2049 1592; x_wconf 83' lang='lat'><strong>·</strong></span> <span class='ocrx_word' id='word_1_78' title='bbox 2109 1587 2115 1594; x_wconf 95' lang='lat'>·</span> 
     </span>
    </p>
   </div>
   <div class='ocr_carea' id='block_1_4' title="bbox 145 1671 1959 2302">
    <p class='ocr_par' dir='ltr' id='par_1_6' title="bbox 145 1671 1959 2302">
     <span class='ocr_line' id='line_1_10' title="bbox 177 1671 1957 1789; baseline 0.001 -35"><span class='ocrx_word' id='word_1_79' title='bbox 177 1671 219 1754; x_wconf 90' lang='lat' dir='ltr'><strong>ri</strong></span> <span class='ocrx_word' id='word_1_80' title='bbox 252 1671 432 1758; x_wconf 83' lang='lat' dir='ltr'><strong>femoris</strong></span> <span class='ocrx_word' id='word_1_81' title='bbox 464 1675 657 1788; x_wconf 90' lang='lat' dir='ltr'><strong>oppositi</strong></span> <span class='ocrx_word' id='word_1_82' title='bbox 689 1687 816 1789; x_wconf 89' lang='lat' dir='ltr'><strong>parte</strong></span> <span class='ocrx_word' id='word_1_83' title='bbox 857 1686 1119 1789; x_wconf 90' lang='lat' dir='ltr'><strong>conspectus</strong></span> <span class='ocrx_word' id='word_1_84' title='bbox 1163 1685 1241 1759; x_wconf 89' lang='lat' dir='ltr'><strong>est.</strong></span> <span class='ocrx_word' id='word_1_85' title='bbox 1258 1674 1447 1758; x_wconf 87' lang='lat' dir='ltr'><strong>-Haec</strong></span> <span class='ocrx_word' id='word_1_86' title='bbox 1488 1674 1628 1784; x_wconf 90' lang='lat' dir='ltr'><strong>igitur</strong></span> <span class='ocrx_word' id='word_1_87' title='bbox 1668 1673 1957 1788; x_wconf 76' lang='lat' dir='ltr'><strong>experientia</strong></span> 
     </span>
     <span class='ocr_line' id='line_1_11' title="bbox 145 1787 1957 1916; baseline 0.001 -36"><span class='ocrx_word' id='word_1_88' title='bbox 145 1817 258 1883; x_wconf 71' lang='lat' dir='ltr'><strong>&#39;nos</strong></span> <span class='ocrx_word' id='word_1_89' title='bbox 289 1805 516 1910; x_wconf 83' lang='lat' dir='ltr'><strong>admonet,</strong></span> <span class='ocrx_word' id='word_1_90' title='bbox 548 1801 686 1885; x_wconf 78' lang='lat' dir='ltr'><strong>&#39;amico</strong></span> <span class='ocrx_word' id='word_1_91' title='bbox 722 1803 925 1890; x_wconf 85' lang='lat' dir='ltr'><strong>vulneris</strong></span> <span class='ocrx_word' id='word_1_92' title='bbox 955 1787 1168 1916; x_wconf 86' lang='lat' dir='ltr'><strong>adspectu</strong></span> <span class='ocrx_word' id='word_1_93' title='bbox 1185 1801 1329 1909; x_wconf 91' lang='lat' dir='ltr'><strong>ducti,</strong></span> <span class='ocrx_word' id='word_1_94' title='bbox 1361 1828 1455 1885; x_wconf 94' lang='lat' dir='ltr'><strong>non</strong></span> <span class='ocrx_word' id='word_1_95' title='bbox 1472 1827 1777 1914; x_wconf 85' lang='lat' dir='ltr'><strong>praeproperos</strong></span> <span class='ocrx_word' id='word_1_96' title='bbox 1795 1799 1844 1882; x_wconf 92' lang='lat' dir='ltr'><strong>in</strong></span> <span class='ocrx_word' id='word_1_97' title='bbox 1861 1827 1957 1914; x_wconf 93' lang='lat' dir='ltr'><strong>per·</strong></span> 
     </span>
     <span class='ocr_line' id='line_1_12' title="bbox 175 1925 1959 2040; baseline 0.001 -33"><span class='ocrx_word' id='word_1_98' title='bbox 175 1926 434 2036; x_wconf 86' lang='lat' dir='ltr'><strong>vestiganda</strong></span> <span class='ocrx_word' id='word_1_99' title='bbox 475 1928 674 2013; x_wconf 88' lang='lat' dir='ltr'><strong>vulneris</strong></span> <span class='ocrx_word' id='word_1_100' title='bbox 705 1939 886 2038; x_wconf 93' lang='lat' dir='ltr'><strong>natura,</strong></span> <span class='ocrx_word' id='word_1_101' title='bbox 920 1931 1029 2037; x_wconf 80' lang='lat' dir='ltr'><strong>esse,</strong></span> <span class='ocrx_word' id='word_1_102' title='bbox 1062 1934 1140 2014; x_wconf 89' lang='lat' dir='ltr'><strong>sed</strong></span> <span class='ocrx_word' id='word_1_103' title='bbox 1173 1927 1379 2014; x_wconf 88' lang='lat' dir='ltr'><strong>omnibus</strong></span> <span class='ocrx_word' id='word_1_104' title='bbox 1411 1939 1617 2012; x_wconf 89' lang='lat' dir='ltr'><strong>accurate</strong></span> <span class='ocrx_word' id='word_1_105' title='bbox 1659 1925 1959 2040; x_wconf 85' lang='lat' dir='ltr'><strong>symptomati·</strong></span> 
     </span>
     <span class='ocr_line' id='line_1_13' title="bbox 176 2051 1955 2168; baseline 0.003 -35"><span class='ocrx_word' id='word_1_106' title='bbox 176 2051 258 2138; x_wconf 89' lang='lat' dir='ltr'><strong>bus</strong></span> <span class='ocrx_word' id='word_1_107' title='bbox 291 2052 535 2166; x_wconf 83' lang='lat' dir='ltr'><strong>perpensis,</strong></span> <span class='ocrx_word' id='word_1_108' title='bbox 572 2065 680 2137; x_wconf 89' lang='lat' dir='ltr'><strong>tunc</strong></span> <span class='ocrx_word' id='word_1_109' title='bbox 720 2060 909 2140; x_wconf 85' lang='lat' dir='ltr'><strong>tandem.</strong></span> <span class='ocrx_word' id='word_1_110' title='bbox 929 2055 1150 2166; x_wconf 87' lang='lat' dir='ltr'><strong>judicium</strong></span> <span class='ocrx_word' id='word_1_111' title='bbox 1183 2067 1383 2140; x_wconf 89' lang='lat' dir='ltr'><strong>nostrum</strong></span> <span class='ocrx_word' id='word_1_112' title='bbox 1417 2053 1632 2168; x_wconf 87' lang='lat' dir='ltr'><strong>prolerre.</strong></span> <span class='ocrx_word' id='word_1_113' title='bbox 1665 2051 1858 2166; x_wconf 85' lang='lat' dir='ltr'><strong>Insuper</strong></span> <span class='ocrx_word' id='word_1_114' title='bbox 1881 2055 1955 2138; x_wconf 89' lang='lat' dir='ltr'><strong>ob·</strong></span> 
     </span>
     <span class='ocr_line' id='line_1_14' title="bbox 174 2177 1955 2302; baseline 0 -40"><span class='ocrx_word' id='word_1_115' title='bbox 174 2177 366 2262; x_wconf 84' lang='lat' dir='ltr'><strong>servatio</strong></span> <span class='ocrx_word' id='word_1_116' title='bbox 400 2179 685 2264; x_wconf 87' lang='lat' dir='ltr'><strong>celeberrimi</strong></span> <span class='ocrx_word' id='word_1_117' title='bbox 734 2182 934 2292; x_wconf 82' lang='lat' dir='ltr'><strong>chirurgi</strong></span> <span class='ocrx_word' id='word_1_118' title='bbox 964 2181 1024 2302; x_wconf 58' lang='grc' dir='ltr'><strong>μ’</strong></span> <span class='ocrx_word' id='word_1_119' title='bbox 1056 2177 1272 2297; x_wconf 74' lang='lat' dir='ltr'><strong>Humana)</strong></span> <span class='ocrx_word' id='word_1_120' title='bbox 1306 2182 1442 2292; x_wconf 90' lang='lat' dir='ltr'><strong>digna</strong></span> <span class='ocrx_word' id='word_1_121' title='bbox 1476 2191 1556 2288; x_wconf 89' lang='lat' dir='ltr'><strong>est,</strong></span> <span class='ocrx_word' id='word_1_122' title='bbox 1593 2207 1702 2290; x_wconf 39' lang='lat' dir='ltr'><strong>*quae</strong></span> <span class='ocrx_word' id='word_1_123' title='bbox 1734 2180 1810 2264; x_wconf 89' lang='lat' dir='ltr'><strong>hic</strong></span> <span class='ocrx_word' id='word_1_124' title='bbox 1844 2206 1955 2276; x_wconf 88' lang='lat' dir='ltr'><strong>com·</strong></span> 
     </span>
    </p>
   </div>
   <div class='ocr_carea' id='block_1_5' title="bbox 176 2307 2102 2422">
    <p class='ocr_par' dir='ltr' id='par_1_7' title="bbox 176 2307 2102 2422">
     <span class='ocr_line' id='line_1_15' title="bbox 176 2307 2102 2422; baseline 0.003 -36"><span class='ocrx_word' id='word_1_125' title='bbox 176 2316 461 2396; x_wconf 87' lang='lat' dir='ltr'><strong>memoretur:</strong></span> <span class='ocrx_word' id='word_1_126' title='bbox 494 2333 655 2422; x_wconf 89' lang='lat' dir='ltr'><strong>nempe</strong></span> <span class='ocrx_word' id='word_1_127' title='bbox 688 2308 739 2390; x_wconf 93' lang='lat' dir='ltr'><strong>in</strong></span> <span class='ocrx_word' id='word_1_128' title='bbox 773 2309 989 2416; x_wconf 88' lang='lat' dir='ltr'><strong>ejusmodi</strong></span> <span class='ocrx_word' id='word_1_129' title='bbox 1029 2307 1302 2422; x_wconf 90' lang='lat' dir='ltr'><strong>solopetariis</strong></span> <span class='ocrx_word' id='word_1_130' title='bbox 1342 2307 1628 2415; x_wconf 88' lang='lat' dir='ltr'><strong>vulneribus,</strong></span> <span class='ocrx_word' id='word_1_131' title='bbox 1679 2334 1782 2416; x_wconf 85' lang='lat' dir='ltr'><strong>quae</strong></span> <span class='ocrx_word' id='word_1_132' title='bbox 1822 2333 1955 2419; x_wconf 83' lang='lat' dir='ltr'><strong>pene·</strong></span> <span class='ocrx_word' id='word_1_133' title='bbox 2085 2329 2102 2338; x_wconf 80' lang='lat'><strong><em>‘</em></strong></span> 
     </span>
    </p>
   </div>
   <div class='ocr_carea' id='block_1_6' title="bbox 53 2431 1953 3306">
    <p class='ocr_par' dir='ltr' id='par_1_8' title="bbox 53 2431 1953 3306">
     <span class='ocr_line' id='line_1_16' title="bbox 178 2431 1953 2550; baseline 0.002 -38"><span class='ocrx_word' id='word_1_134' title='bbox 178 2431 336 2516; x_wconf 88' lang='lat' dir='ltr'><strong>trantis</strong></span> <span class='ocrx_word' id='word_1_135' title='bbox 368 2443 544 2517; x_wconf 80' lang='lat' dir='ltr'><strong>naturae</strong></span> <span class='ocrx_word' id='word_1_136' title='bbox 577 2435 671 2518; x_wconf 87' lang='lat' dir='ltr'><strong>esse</strong></span> <span class='ocrx_word' id='word_1_137' title='bbox 721 2435 993 2520; x_wconf 85' lang='lat' dir='ltr'><strong>solummodo</strong></span> <span class='ocrx_word' id='word_1_138' title='bbox 1041 2435 1273 2543; x_wconf 90' lang='lat' dir='ltr'><strong>videntur,</strong></span> <span class='ocrx_word' id='word_1_139' title='bbox 1306 2435 1342 2520; x_wconf 89' lang='lat' dir='ltr'><strong>si</strong></span> <span class='ocrx_word' id='word_1_140' title='bbox 1376 2435 1499 2544; x_wconf 91' lang='lat' dir='ltr'><strong>glans</strong></span> <span class='ocrx_word' id='word_1_141' title='bbox 1540 2431 1813 2550; x_wconf 75' lang='lat' dir='ltr'><strong>(praesertim</strong></span> <span class='ocrx_word' id='word_1_142' title='bbox 1846 2459 1953 2516; x_wconf 90' lang='lat' dir='ltr'><strong>vero</strong></span> 
     </span>
     <span class='ocr_line' id='line_1_17' title="bbox 173 2539 1952 2676; baseline 0.002 -37"><span class='ocrx_word' id='word_1_143' title='bbox 173 2561 231 2641; x_wconf 91' lang='lat' dir='ltr'><strong>ad</strong></span> <span class='ocrx_word' id='word_1_144' title='bbox 264 2570 401 2644; x_wconf 89' lang='lat' dir='ltr'><strong>costas</strong></span> <span class='ocrx_word' id='word_1_145' title='bbox 434 2555 575 2676; x_wconf 84' lang='lat' dir='ltr'><strong>allisa)</strong></span> <span class='ocrx_word' id='word_1_146' title='bbox 608 2559 819 2673; x_wconf 85' lang='lat' dir='ltr'><strong>proxime</strong></span> <span class='ocrx_word' id='word_1_147' title='bbox 852 2539 933 2646; x_wconf 76' lang='lat' dir='ltr'><strong>sub</strong></span> <span class='ocrx_word' id='word_1_148' title='bbox 968 2561 1290 2670; x_wconf 85' lang='lat' dir='ltr'><strong>integumentis</strong></span> <span class='ocrx_word' id='word_1_149' title='bbox 1324 2560 1631 2644; x_wconf 86' lang='lat' dir='ltr'><strong>communibus</strong></span> <span class='ocrx_word' id='word_1_150' title='bbox 1663 2561 1863 2673; x_wconf 90' lang='lat' dir='ltr'><strong>prolapsa</strong></span> <span class='ocrx_word' id='word_1_151' title='bbox 1880 2557 1952 2668; x_wconf 90' lang='lat' dir='ltr'><strong>sit,</strong></span> 
     </span>
     <span class='ocr_line' id='line_1_18' title="bbox 175 2685 1953 2801; baseline 0.002 -35"><span class='ocrx_word' id='word_1_152' title='bbox 175 2689 338 2770; x_wconf 87' lang='lat' dir='ltr'><strong>tractus</strong></span> <span class='ocrx_word' id='word_1_153' title='bbox 371 2687 465 2793; x_wconf 90' lang='lat' dir='ltr'><strong>ejus</strong></span> <span class='ocrx_word' id='word_1_154' title='bbox 497 2686 689 2772; x_wconf 91' lang='lat' dir='ltr'><strong>maxima</strong></span> <span class='ocrx_word' id='word_1_155' title='bbox 724 2714 788 2771; x_wconf 88' lang='lat' dir='ltr'><strong>ex</strong></span> <span class='ocrx_word' id='word_1_156' title='bbox 819 2698 946 2801; x_wconf 91' lang='lat' dir='ltr'><strong>parte</strong></span> <span class='ocrx_word' id='word_1_157' title='bbox 978 2688 1328 2794; x_wconf 84' lang='lat' dir='ltr'><strong>subrubicunda,</strong></span> <span class='ocrx_word' id='word_1_158' title='bbox 1345 2697 1422 2770; x_wconf 91' lang='lat' dir='ltr'><strong>aut</strong></span> <span class='ocrx_word' id='word_1_159' title='bbox 1456 2685 1681 2794; x_wconf 89' lang='lat' dir='ltr'><strong>discolori,</strong></span> <span class='ocrx_word' id='word_1_160' title='bbox 1714 2696 1793 2768; x_wconf 92' lang='lat' dir='ltr'><strong>aut</strong></span> <span class='ocrx_word' id='word_1_161' title='bbox 1808 2685 1953 2798; x_wconf 83' lang='lat' dir='ltr'><strong>parvis</strong></span> 
     </span>
     <span class='ocr_line' id='line_1_19' title="bbox 169 2808 1952 2929; baseline 0.002 -37"><span class='ocrx_word' id='word_1_162' title='bbox 169 2811 359 2924; x_wconf 90' lang='lat' dir='ltr'><strong>pustulis</strong></span> <span class='ocrx_word' id='word_1_163' title='bbox 398 2812 557 2926; x_wconf 89' lang='lat' dir='ltr'><strong>stipata</strong></span> <span class='ocrx_word' id='word_1_164' title='bbox 589 2811 711 2898; x_wconf 91' lang='lat' dir='ltr'><strong>linea</strong></span> <span class='ocrx_word' id='word_1_165' title='bbox 744 2815 1025 2926; x_wconf 90' lang='lat' dir='ltr'><strong>designatur,</strong></span> <span class='ocrx_word' id='word_1_166' title='bbox 1065 2839 1169 2926; x_wconf 79' lang='lat' dir='ltr'><strong>quae</strong></span> <span class='ocrx_word' id='word_1_167' title='bbox 1202 2813 1371 2899; x_wconf 89' lang='lat' dir='ltr'><strong>deinde</strong></span> <span class='ocrx_word' id='word_1_168' title='bbox 1412 2812 1458 2896; x_wconf 92' lang='lat' dir='ltr'><strong>in</strong></span> <span class='ocrx_word' id='word_1_169' title='bbox 1499 2823 1714 2896; x_wconf 92' lang='lat' dir='ltr'><strong>tumorem</strong></span> <span class='ocrx_word' id='word_1_170' title='bbox 1764 2808 1952 2929; x_wconf 80' lang='lat' dir='ltr'><strong>(glande</strong></span> 
     </span>
     <span class='ocr_line' id='line_1_20' title="bbox 174 2931 1950 3055; baseline 0 -37"><span class='ocrx_word' id='word_1_171' title='bbox 174 2934 450 3055; x_wconf 82' lang='lat' dir='ltr'><strong>conlectum)</strong></span> <span class='ocrx_word' id='word_1_172' title='bbox 484 2939 667 3027; x_wconf 86' lang='lat' dir='ltr'><strong>desinit.</strong></span> <span class='ocrx_word' id='word_1_173' title='bbox 703 2938 843 3051; x_wconf 88' lang='lat' dir='ltr'><strong>Signo</strong></span> <span class='ocrx_word' id='word_1_174' title='bbox 875 2953 1025 3027; x_wconf 90' lang='lat' dir='ltr'><strong>autem</strong></span> <span class='ocrx_word' id='word_1_175' title='bbox 1057 2943 1146 3026; x_wconf 89' lang='lat' dir='ltr'><strong>hoc</strong></span> <span class='ocrx_word' id='word_1_176' title='bbox 1176 2965 1260 3053; x_wconf 89' lang='lat' dir='ltr'><strong>per</strong></span> <span class='ocrx_word' id='word_1_177' title='bbox 1291 2941 1474 3048; x_wconf 91' lang='lat' dir='ltr'><strong>longum</strong></span> <span class='ocrx_word' id='word_1_178' title='bbox 1513 2949 1651 3048; x_wconf 88' lang='lat' dir='ltr'><strong>atque</strong></span> <span class='ocrx_word' id='word_1_179' title='bbox 1700 2931 1950 3020; x_wconf 86' lang='lat' dir='ltr'><strong>circulatim</strong></span> 
     </span>
     <span class='ocr_line' id='line_1_21' title="bbox 172 3063 1948 3182; baseline 0 -36"><span class='ocrx_word' id='word_1_180' title='bbox 172 3064 436 3149; x_wconf 84' lang='lat' dir='ltr'><strong>venientem</strong></span> <span class='ocrx_word' id='word_1_181' title='bbox 468 3065 640 3174; x_wconf 90' lang='lat' dir='ltr'><strong>glandis</strong></span> <span class='ocrx_word' id='word_1_182' title='bbox 676 3076 863 3151; x_wconf 89' lang='lat' dir='ltr'><strong>tractum</strong></span> <span class='ocrx_word' id='word_1_183' title='bbox 896 3069 1142 3182; x_wconf 86' lang='lat' dir='ltr'><strong>suppresso,</strong></span> <span class='ocrx_word' id='word_1_184' title='bbox 1175 3067 1295 3150; x_wconf 91' lang='lat' dir='ltr'><strong>idem</strong></span> <span class='ocrx_word' id='word_1_185' title='bbox 1329 3064 1564 3177; x_wconf 84' lang='lat' dir='ltr'><strong>saepissime</strong></span> <span class='ocrx_word' id='word_1_186' title='bbox 1581 3091 1663 3177; x_wconf 92' lang='lat' dir='ltr'><strong>per</strong></span> <span class='ocrx_word' id='word_1_187' title='bbox 1678 3063 1948 3178; x_wconf 88' lang='lat' dir='ltr'><strong>peculiarem</strong></span> 
     </span>
     <span class='ocr_line' id='line_1_22' title="bbox 53 3187 1916 3306; baseline 0.002 -34"><span class='ocrx_word' id='word_1_188' title='bbox 53 3263 57 3272; x_wconf 88' lang='grc'><em>,</em></span> <span class='ocrx_word' id='word_1_189' title='bbox 171 3187 397 3298; x_wconf 83' lang='lat' dir='ltr'><strong>quendam</strong></span> <span class='ocrx_word' id='word_1_190' title='bbox 430 3190 680 3306; x_wconf 70' lang='lat' dir='ltr'><strong>strepitum,</strong></span> <span class='ocrx_word' id='word_1_191' title='bbox 713 3193 857 3302; x_wconf 87' lang='lat' dir='ltr'><strong>qualis</strong></span> <span class='ocrx_word' id='word_1_192' title='bbox 887 3193 1056 3278; x_wconf 87' lang='lat' dir='ltr'><strong>accidit</strong></span> <span class='ocrx_word' id='word_1_193' title='bbox 1089 3193 1138 3276; x_wconf 90' lang='lat' dir='ltr'><strong>in</strong></span> <span class='ocrx_word' id='word_1_194' title='bbox 1173 3192 1520 3304; x_wconf 84' lang='lat' dir='ltr'><strong>emphysemate,</strong></span> <span class='ocrx_word' id='word_1_195' title='bbox 1544 3189 1916 3305; x_wconf 87' lang='lat' dir='ltr'><strong>deprehenditur.</strong></span> 
     </span>
    </p>
   </div>
   <div class='ocr_carea' id='block_1_7' title="bbox 234 3357 2049 3637">
    <p class='ocr_par' dir='ltr' id='par_1_9' title="bbox 234 3357 2049 3637">
     <span class='ocr_line' id='line_1_23' title="bbox 991 3357 1126 3470; baseline 0.007 -29"><span class='ocrx_word' id='word_1_196' title='bbox 991 3357 1018 3470; x_wconf 74' lang='lat' dir='ltr'>S</span> <span class='ocrx_word' id='word_1_197' title='bbox 1055 3357 1126 3443; x_wconf 83' lang='lat'><strong>15.</strong></span> 
     </span>
     <span class='ocr_line' id='line_1_24' title="bbox 234 3515 2049 3637; baseline 0.004 -35"><span class='ocrx_word' id='word_1_198' title='bbox 234 3515 379 3636; x_wconf 85' lang='lat' dir='ltr'><strong>Simul</strong></span> <span class='ocrx_word' id='word_1_199' title='bbox 411 3549 462 3607; x_wconf 91' lang='lat' dir='ltr'><strong>ac</strong></span> <span class='ocrx_word' id='word_1_200' title='bbox 494 3523 650 3637; x_wconf 89' lang='lat' dir='ltr'><strong>pleura</strong></span> <span class='ocrx_word' id='word_1_201' title='bbox 687 3517 967 3634; x_wconf 87' lang='lat' dir='ltr'><strong>transfigitur</strong></span> <span class='ocrx_word' id='word_1_202' title='bbox 999 3533 1047 3607; x_wconf 83' lang='lat' dir='ltr'><strong>et</strong></span> <span class='ocrx_word' id='word_1_203' title='bbox 1080 3520 1244 3606; x_wconf 87' lang='lat' dir='ltr'><strong>cavitas</strong></span> <span class='ocrx_word' id='word_1_204' title='bbox 1277 3519 1471 3635; x_wconf 90' lang='lat' dir='ltr'><strong>pectoris</strong></span> <span class='ocrx_word' id='word_1_205' title='bbox 1501 3547 1585 3636; x_wconf 92' lang='lat' dir='ltr'><strong>per</strong></span> <span class='ocrx_word' id='word_1_206' title='bbox 1600 3523 1762 3610; x_wconf 90' lang='lat' dir='ltr'><strong>vulnus</strong></span> <span class='ocrx_word' id='word_1_207' title='bbox 1779 3516 1829 3606; x_wconf 90' lang='lat' dir='ltr'><strong>in</strong></span> <span class='ocrx_word' id='word_1_208' title='bbox 1848 3551 1950 3608; x_wconf 88' lang='lat' dir='ltr'><strong>oon·</strong></span> <span class='ocrx_word' id='word_1_209' title='bbox 2047 3521 2049 3530; x_wconf 74' lang='grc'>’</span> 
     </span>
    </p>
   </div>
   <div class='ocr_carea' id='block_1_8' title="bbox 172 3645 2070 3764">
    <p class='ocr_par' dir='ltr' id='par_1_10' title="bbox 172 3645 2070 3764">
     <span class='ocr_line' id='line_1_25' title="bbox 172 3645 2070 3764; baseline 0.003 -35"><span class='ocrx_word' id='word_1_210' title='bbox 172 3657 337 3731; x_wconf 90' lang='lat' dir='ltr'><strong>tactum</strong></span> <span class='ocrx_word' id='word_1_211' title='bbox 369 3647 483 3734; x_wconf 73' lang='lat' dir='ltr'><strong>airis</strong></span> <span class='ocrx_word' id='word_1_212' title='bbox 516 3649 703 3735; x_wconf 89' lang='lat' dir='ltr'><strong>externi</strong></span> <span class='ocrx_word' id='word_1_213' title='bbox 736 3649 880 3758; x_wconf 87' lang='lat' dir='ltr'><strong>venit,</strong></span> <span class='ocrx_word' id='word_1_214' title='bbox 914 3648 1075 3734; x_wconf 87' lang='lat' dir='ltr'><strong>cavitas</strong></span> <span class='ocrx_word' id='word_1_215' title='bbox 1108 3649 1208 3758; x_wconf 90' lang='lat' dir='ltr'><strong>illa,</strong></span> <span class='ocrx_word' id='word_1_216' title='bbox 1249 3649 1285 3733; x_wconf 87' lang='lat' dir='ltr'><strong>si</strong></span> <span class='ocrx_word' id='word_1_217' title='bbox 1316 3645 1477 3761; x_wconf 85' lang='lat' dir='ltr'><strong>’pulmo</strong></span> <span class='ocrx_word' id='word_1_218' title='bbox 1527 3675 1626 3732; x_wconf 90' lang='lat' dir='ltr'><strong>cum</strong></span> <span class='ocrx_word' id='word_1_219' title='bbox 1666 3651 1821 3764; x_wconf 91' lang='lat' dir='ltr'><strong>pleura</strong></span> <span class='ocrx_word' id='word_1_220' title='bbox 1854 3675 1948 3735; x_wconf 92' lang='lat' dir='ltr'><strong>non</strong></span> <span class='ocrx_word' id='word_1_221' title='bbox 2062 3649 2070 3658; x_wconf 79' lang='grc'><strong><em>’</em></strong></span> 
     </span>
    </p>
   </div>
   <div class='ocr_carea' id='block_1_9' title="bbox 164 3774 1947 4784">
    <p class='ocr_par' dir='ltr' id='par_1_11' title="bbox 164 3774 1947 4784">
     <span class='ocr_line' id='line_1_26' title="bbox 170 3774 1946 3890; baseline 0.003 -34"><span class='ocrx_word' id='word_1_222' title='bbox 170 3776 411 3885; x_wconf 87' lang='lat' dir='ltr'><strong>cohaereat,</strong></span> <span class='ocrx_word' id='word_1_223' title='bbox 442 3779 576 3890; x_wconf 90' lang='lat' dir='ltr'><strong>plane</strong></span> <span class='ocrx_word' id='word_1_224' title='bbox 610 3778 827 3862; x_wconf 90' lang='lat' dir='ltr'><strong>diversam</strong></span> <span class='ocrx_word' id='word_1_225' title='bbox 861 3802 960 3860; x_wconf 92' lang='lat' dir='ltr'><strong>cum</strong></span> <span class='ocrx_word' id='word_1_226' title='bbox 992 3775 1282 3888; x_wconf 85' lang='lat' dir='ltr'><strong>atmosphaera</strong></span> <span class='ocrx_word' id='word_1_227' title='bbox 1318 3774 1409 3862; x_wconf 90' lang='lat' dir='ltr'><strong>init</strong></span> <span class='ocrx_word' id='word_1_228' title='bbox 1427 3775 1662 3883; x_wconf 89' lang='lat' dir='ltr'><strong>rationem,</strong></span> <span class='ocrx_word' id='word_1_229' title='bbox 1680 3803 1825 3886; x_wconf 92' lang='lat' dir='ltr'><strong>quam,</strong></span> <span class='ocrx_word' id='word_1_230' title='bbox 1844 3804 1946 3886; x_wconf 85' lang='lat' dir='ltr'><strong>quse</strong></span> 
     </span>
     <span class='ocr_line' id='line_1_27' title="bbox 169 3899 1947 4016; baseline 0.001 -32"><span class='ocrx_word' id='word_1_231' title='bbox 169 3899 316 3988; x_wconf 87' lang='lat' dir='ltr'><strong>locum</strong></span> <span class='ocrx_word' id='word_1_232' title='bbox 349 3914 456 3988; x_wconf 89' lang='lat' dir='ltr'><strong>ante</strong></span> <span class='ocrx_word' id='word_1_233' title='bbox 489 3905 606 3987; x_wconf 90' lang='lat' dir='ltr'><strong>hanc</strong></span> <span class='ocrx_word' id='word_1_234' title='bbox 639 3902 1044 3988; x_wconf 87' lang='lat' dir='ltr'><strong>contranaturalem</strong></span> <span class='ocrx_word' id='word_1_235' title='bbox 1075 3911 1327 4016; x_wconf 89' lang='lat' dir='ltr'><strong>aperturam</strong></span> <span class='ocrx_word' id='word_1_236' title='bbox 1345 3901 1517 3986; x_wconf 90' lang='lat' dir='ltr'><strong>habuit.</strong></span> <span class='ocrx_word' id='word_1_237' title='bbox 1534 3899 1664 3985; x_wconf 84' lang='lat' dir='ltr'><strong>Tunc</strong></span> <span class='ocrx_word' id='word_1_238' title='bbox 1690 3903 1814 3988; x_wconf 89' lang='lat' dir='ltr'><strong>inter</strong></span> <span class='ocrx_word' id='word_1_239' title='bbox 1831 3910 1947 3992; x_wconf 78' lang='lat' dir='ltr'><strong>m&#39;sm·</strong></span> 
     </span>
     <span class='ocr_line' id='line_1_28' title="bbox 167 4028 1947 4142; baseline 0.002 -32"><span class='ocrx_word' id='word_1_240' title='bbox 167 4053 396 4112; x_wconf 76' lang='lat' dir='ltr'><strong>sauronam</strong></span> <span class='ocrx_word' id='word_1_241' title='bbox 439 4033 579 4119; x_wconf 74' lang='lat' dir='ltr'><strong>o‘asr</strong></span> <span class='ocrx_word' id='word_1_242' title='bbox 606 4041 833 4120; x_wconf 85' lang='lat' dir='ltr'><strong>externus</strong></span> <span class='ocrx_word' id='word_1_243' title='bbox 864 4055 946 4142; x_wconf 90' lang='lat' dir='ltr'><strong>per</strong></span> <span class='ocrx_word' id='word_1_244' title='bbox 978 4038 1222 4113; x_wconf 91' lang='lat' dir='ltr'><strong>externum</strong></span> <span class='ocrx_word' id='word_1_245' title='bbox 1256 4053 1437 4139; x_wconf 90' lang='lat' dir='ltr'><strong>quoque</strong></span> <span class='ocrx_word' id='word_1_246' title='bbox 1455 4028 1618 4114; x_wconf 89' lang='lat' dir='ltr'><strong>vulnus</strong></span> <span class='ocrx_word' id='word_1_247' title='bbox 1635 4028 1763 4113; x_wconf 92' lang='lat' dir='ltr'><strong>simul</strong></span> <span class='ocrx_word' id='word_1_248' title='bbox 1782 4029 1832 4113; x_wconf 94' lang='lat' dir='ltr'><strong>in</strong></span> <span class='ocrx_word' id='word_1_249' title='bbox 1847 4057 1947 4142; x_wconf 88' lang='lat' dir='ltr'><strong>pec·</strong></span> 
     </span>
     <span class='ocr_line' id='line_1_29' title="bbox 168 4153 1945 4267; baseline 0.002 -31"><span class='ocrx_word' id='word_1_250' title='bbox 168 4163 238 4238; x_wconf 90' lang='lat' dir='ltr'><strong>tus</strong></span> <span class='ocrx_word' id='word_1_251' title='bbox 269 4165 479 4267; x_wconf 92' lang='lat' dir='ltr'><strong>penetrat</strong></span> <span class='ocrx_word' id='word_1_252' title='bbox 498 4166 560 4240; x_wconf 90' lang='lat' dir='ltr'><strong>·et</strong></span> <span class='ocrx_word' id='word_1_253' title='bbox 593 4182 723 4242; x_wconf 91' lang='lat' dir='ltr'><strong>sensu</strong></span> <span class='ocrx_word' id='word_1_254' title='bbox 755 4154 1016 4242; x_wconf 88' lang='lat' dir='ltr'><strong>mechanico</strong></span> <span class='ocrx_word' id='word_1_255' title='bbox 1052 4153 1143 4238; x_wconf 88' lang='lat' dir='ltr'><strong>vim</strong></span> <span class='ocrx_word' id='word_1_256' title='bbox 1175 4181 1294 4240; x_wconf 90' lang='lat' dir='ltr'><strong>suam</strong></span> <span class='ocrx_word' id='word_1_257' title='bbox 1328 4155 1376 4238; x_wconf 93' lang='lat' dir='ltr'><strong>in</strong></span> <span class='ocrx_word' id='word_1_258' title='bbox 1414 4154 1530 4237; x_wconf 87' lang='lat' dir='ltr'><strong>illud</strong></span> <span class='ocrx_word' id='word_1_259' title='bbox 1562 4183 1656 4238; x_wconf 93' lang='lat' dir='ltr'><strong>non</strong></span> <span class='ocrx_word' id='word_1_260' title='bbox 1690 4155 1779 4238; x_wconf 90' lang='lat' dir='ltr'><strong>alio</strong></span> <span class='ocrx_word' id='word_1_261' title='bbox 1813 4161 1945 4240; x_wconf 91' lang='lat' dir='ltr'><strong>modo</strong></span> 
     </span>
     <span class='ocr_line' id='line_1_30' title="bbox 165 4279 1944 4396; baseline 0.002 -32"><span class='ocrx_word' id='word_1_262' title='bbox 165 4281 536 4390; x_wconf 88' lang='lat' dir='ltr'><strong>exercet,&#39;quam</strong></span> <span class='ocrx_word' id='word_1_263' title='bbox 570 4311 661 4392; x_wconf 89' lang='lat' dir='ltr'><strong>quo</strong></span> <span class='ocrx_word' id='word_1_264' title='bbox 695 4282 745 4368; x_wconf 95' lang='lat' dir='ltr'><strong>in</strong></span> <span class='ocrx_word' id='word_1_265' title='bbox 778 4293 894 4368; x_wconf 90' lang='lat' dir='ltr'><strong>statu</strong></span> <span class='ocrx_word' id='word_1_266' title='bbox 926 4281 1116 4382; x_wconf 86' lang='lat' dir='ltr'><strong>normali</strong></span> <span class='ocrx_word' id='word_1_267' title='bbox 1155 4308 1238 4396; x_wconf 91' lang='lat' dir='ltr'><strong>per</strong></span> <span class='ocrx_word' id='word_1_268' title='bbox 1270 4279 1479 4366; x_wconf 89' lang='lat' dir='ltr'><strong>arteriam</strong></span> <span class='ocrx_word' id='word_1_269' title='bbox 1528 4307 1722 4394; x_wconf 89' lang='lat' dir='ltr'><strong>asperam</strong></span> <span class='ocrx_word' id='word_1_270' title='bbox 1761 4283 1944 4368; x_wconf 87' lang='lat' dir='ltr'><strong>haustus</strong></span> 
     </span>
     <span class='ocr_line' id='line_1_31' title="bbox 165 4404 1943 4524; baseline 0.002 -34"><span class='ocrx_word' id='word_1_271' title='bbox 165 4404 215 4490; x_wconf 92' lang='lat' dir='ltr'><strong>in</strong></span> <span class='ocrx_word' id='word_1_272' title='bbox 235 4407 480 4522; x_wconf 31' lang='lat' dir='ltr'><strong>,pulmones</strong></span> <span class='ocrx_word' id='word_1_273' title='bbox 513 4433 732 4495; x_wconf 89' lang='lat' dir='ltr'><strong>exercere</strong></span> <span class='ocrx_word' id='word_1_274' title='bbox 765 4411 891 4498; x_wconf 89' lang='lat' dir='ltr'><strong>solet.</strong></span> <span class='ocrx_word' id='word_1_275' title='bbox 924 4407 989 4493; x_wconf 93' lang='lat' dir='ltr'><strong>Ut</strong></span> <span class='ocrx_word' id='word_1_276' title='bbox 1020 4408 1211 4524; x_wconf 91' lang='lat' dir='ltr'><strong>primum</strong></span> <span class='ocrx_word' id='word_1_277' title='bbox 1244 4417 1391 4492; x_wconf 93' lang='lat' dir='ltr'><strong>autem</strong></span> <span class='ocrx_word' id='word_1_278' title='bbox 1425 4408 1672 4522; x_wconf 88' lang='lat' dir='ltr'><strong>pulmones,</strong></span> <span class='ocrx_word' id='word_1_279' title='bbox 1703 4408 1861 4494; x_wconf 89' lang='lat' dir='ltr'><strong>activis</strong></span> <span class='ocrx_word' id='word_1_280' title='bbox 1877 4435 1943 4494; x_wconf 90' lang='lat' dir='ltr'><strong>re·</strong></span> 
     </span>
     <span class='ocr_line' id='line_1_32' title="bbox 164 4533 1942 4650; baseline 0.001 -32"><span class='ocrx_word' id='word_1_281' title='bbox 164 4533 419 4645; x_wconf 88' lang='lat' dir='ltr'><strong>spirationis</strong></span> <span class='ocrx_word' id='word_1_282' title='bbox 467 4535 643 4646; x_wconf 88' lang='lat' dir='ltr'><strong>organis</strong></span> <span class='ocrx_word' id='word_1_283' title='bbox 694 4535 902 4643; x_wconf 82' lang='lat' dir='ltr'><strong>remissis,</strong></span> <span class='ocrx_word' id='word_1_284' title='bbox 953 4557 1147 4644; x_wconf 66' lang='lat' dir='ltr'><strong>(Introduc.</strong></span> <span class='ocrx_word' id='word_1_285' title='bbox 1176 4557 1194 4644; x_wconf 84' lang='lat'>§</span> <span class='ocrx_word' id='word_1_286' title='bbox 1222 4556 1317 4643; x_wconf 79' lang='grc' dir='ltr'><strong>ΧΗ)</strong></span> <span class='ocrx_word' id='word_1_287' title='bbox 1370 4540 1473 4620; x_wconf 70' lang='lat' dir='ltr'><strong>aire</strong></span> <span class='ocrx_word' id='word_1_288' title='bbox 1506 4563 1588 4650; x_wconf 89' lang='lat' dir='ltr'><strong>per</strong></span> <span class='ocrx_word' id='word_1_289' title='bbox 1627 4562 1672 4620; x_wconf 90' lang='lat' dir='ltr'><strong>se</strong></span> <span class='ocrx_word' id='word_1_290' title='bbox 1722 4537 1837 4650; x_wconf 91' lang='lat' dir='ltr'><strong>ipsos</strong></span> <span class='ocrx_word' id='word_1_291' title='bbox 1876 4563 1942 4620; x_wconf 91' lang='lat' dir='ltr'><strong>re·</strong></span> 
     </span>
     <span class='ocr_line' id='line_1_33' title="bbox 164 4660 1940 4784; baseline 0.002 -42"><span class='ocrx_word' id='word_1_292' title='bbox 164 4669 313 4774; x_wconf 90' lang='lat' dir='ltr'><strong>cepto,</strong></span> <span class='ocrx_word' id='word_1_293' title='bbox 345 4660 469 4747; x_wconf 89' lang='lat' dir='ltr'><strong>inter</strong></span> <span class='ocrx_word' id='word_1_294' title='bbox 503 4663 855 4776; x_wconf 90' lang='lat' dir='ltr'><strong>exspirationem</strong></span> <span class='ocrx_word' id='word_1_295' title='bbox 887 4661 1155 4774; x_wconf 90' lang='lat' dir='ltr'><strong>liberantur,</strong></span> <span class='ocrx_word' id='word_1_296' title='bbox 1187 4688 1287 4777; x_wconf 91' lang='lat' dir='ltr'><strong>pars</strong></span> <span class='ocrx_word' id='word_1_297' title='bbox 1320 4689 1502 4784; x_wconf 82' lang='lat' dir='ltr'><strong>quoque</strong></span> <span class='ocrx_word' id='word_1_298' title='bbox 1534 4661 1649 4750; x_wconf 70' lang='lat' dir='ltr'><strong>airis</strong></span> <span class='ocrx_word' id='word_1_299' title='bbox 1679 4689 1765 4778; x_wconf 91' lang='lat' dir='ltr'><strong>per</strong></span> <span class='ocrx_word' id='word_1_300' title='bbox 1778 4665 1940 4748; x_wconf 85' lang='lat' dir='ltr'><strong>vulnus</strong></span> 
     </span>
    </p>
   </div>
   <div class='ocr_carea' id='block_1_10' title="bbox 151 4989 1940 5332">
    <p class='ocr_par' dir='ltr' id='par_1_12' title="bbox 151 4989 1940 5332">
     <span class='ocr_line' id='line_1_34' title="bbox 151 4989 1940 5121; baseline 0 -25"><span class='ocrx_word' id='word_1_301' title='bbox 151 5029 191 5118; x_wconf 75' lang='lat' dir='ltr'><strong>t)</strong></span> <span class='ocrx_word' id='word_1_302' title='bbox 221 5027 311 5104; x_wconf 79' lang='lat' dir='ltr'><strong>tohu</strong></span> <span class='ocrx_word' id='word_1_303' title='bbox 337 5037 477 5098; x_wconf 62' lang='grc' dir='ltr'><strong>ΗΜ.</strong></span> <span class='ocrx_word' id='word_1_304' title='bbox 507 4989 773 5121; x_wconf 85' lang='lat' dir='ltr'><strong>Bemerkungen</strong></span> <span class='ocrx_word' id='word_1_305' title='bbox 790 5033 880 5102; x_wconf 81' lang='lat' dir='ltr'><strong>iiber</strong></span> <span class='ocrx_word' id='word_1_306' title='bbox 907 5035 1023 5120; x_wconf 82' lang='lat' dir='ltr'><strong>einige</strong></span> <span class='ocrx_word' id='word_1_307' title='bbox 1036 5029 1205 5118; x_wconf 82' lang='lat' dir='ltr'><strong>wichtige</strong></span> <span class='ocrx_word' id='word_1_308' title='bbox 1226 5030 1491 5118; x_wconf 78' lang='lat' dir='ltr'><strong>Gegcnstaende</strong></span> <span class='ocrx_word' id='word_1_309' title='bbox 1510 5049 1573 5098; x_wconf 87' lang='lat' dir='ltr'><strong>aus</strong></span> <span class='ocrx_word' id='word_1_310' title='bbox 1587 5031 1651 5099; x_wconf 89' lang='lat' dir='ltr'><strong>der</strong></span> <span class='ocrx_word' id='word_1_311' title='bbox 1670 5030 1940 5099; x_wconf 84' lang='lat' dir='ltr'><strong>Feldwundara·</strong></span> 
     </span>
     <span class='ocr_line' id='line_1_35' title="bbox 228 5133 1790 5224; baseline -0.001 -25"><span class='ocrx_word' id='word_1_312' title='bbox 228 5154 308 5221; x_wconf 86' lang='lat' dir='ltr'><strong>ney.</strong></span> <span class='ocrx_word' id='word_1_313' title='bbox 336 5145 402 5202; x_wconf 89' lang='lat' dir='ltr'><strong>etc.</strong></span> <span class='ocrx_word' id='word_1_314' title='bbox 427 5137 471 5200; x_wconf 81' lang='lat' dir='ltr'><strong>A.</strong></span> <span class='ocrx_word' id='word_1_315' title='bbox 500 5135 533 5202; x_wconf 92' lang='lat' dir='ltr'><strong>d.</strong></span> <span class='ocrx_word' id='word_1_316' title='bbox 562 5135 660 5222; x_wconf 82' lang='lat' dir='ltr'><strong>Engl.</strong></span> <span class='ocrx_word' id='word_1_317' title='bbox 690 5135 806 5206; x_wconf 77' lang='lat' dir='ltr'><strong>libers.</strong></span> <span class='ocrx_word' id='word_1_318' title='bbox 836 5157 909 5204; x_wconf 89' lang='lat' dir='ltr'><strong>von</strong></span> <span class='ocrx_word' id='word_1_319' title='bbox 935 5141 990 5204; x_wconf 90' lang='lat' dir='ltr'><strong>W.</strong></span> <span class='ocrx_word' id='word_1_320' title='bbox 1021 5139 1197 5203; x_wconf 73' lang='lat' dir='ltr'><strong>Sermoni.</strong></span> <span class='ocrx_word' id='word_1_321' title='bbox 1227 5138 1260 5201; x_wconf 87' lang='lat'><strong>8.</strong></span> <span class='ocrx_word' id='word_1_322' title='bbox 1288 5133 1413 5202; x_wconf 85' lang='lat' dir='ltr'><strong>Hallae.</strong></span> <span class='ocrx_word' id='word_1_323' title='bbox 1449 5145 1553 5200; x_wconf 77' lang='lat'>1820.</span> <span class='ocrx_word' id='word_1_324' title='bbox 1580 5157 1615 5224; x_wconf 91' lang='lat' dir='ltr'><strong>p.</strong></span> <span class='ocrx_word' id='word_1_325' title='bbox 1650 5157 1703 5220; x_wconf 79' lang='lat'><strong>²7·</strong></span> <span class='ocrx_word' id='word_1_326' title='bbox 1735 5139 1790 5200; x_wconf 76' lang='lat' dir='ltr'><strong>att.</strong></span> 
     </span>
     <span class='ocr_line' id='line_1_36' title="bbox 163 5235 1575 5332; baseline -0.001 -29"><span class='ocrx_word' id='word_1_327' title='bbox 163 5235 204 5328; x_wconf 88' lang='lat' dir='ltr'><strong>u)</strong></span> <span class='ocrx_word' id='word_1_328' title='bbox 231 5235 499 5306; x_wconf 68' lang='lat' dir='ltr'><strong>Hamaltlem</strong></span> <span class='ocrx_word' id='word_1_329' title='bbox 528 5235 631 5330; x_wconf 81' lang='lat' dir='ltr'><strong>Phys.</strong></span> <span class='ocrx_word' id='word_1_330' title='bbox 659 5261 689 5306; x_wconf 87' lang='grc' dir='ltr'><strong>ι.</strong></span> <span class='ocrx_word' id='word_1_331' title='bbox 717 5259 747 5306; x_wconf 90' lang='lat' dir='ltr'><strong>c.</strong></span> <span class='ocrx_word' id='word_1_332' title='bbox 774 5259 809 5332; x_wconf 91' lang='lat' dir='ltr'><strong>p.</strong></span> <span class='ocrx_word' id='word_1_333' title='bbox 844 5242 924 5310; x_wconf 70' lang='grc' dir='ltr'><strong>ωδ.</strong></span> <span class='ocrx_word' id='word_1_334' title='bbox 952 5237 1045 5310; x_wconf 84' lang='lat' dir='ltr'><strong>Libr.</strong></span> <span class='ocrx_word' id='word_1_335' title='bbox 1072 5243 1164 5308; x_wconf 87' lang='lat' dir='ltr'><strong>tht.</strong></span> <span class='ocrx_word' id='word_1_336' title='bbox 1193 5242 1282 5312; x_wconf 78' lang='lat' dir='ltr'><strong>sect</strong></span> <span class='ocrx_word' id='word_1_337' title='bbox 1311 5243 1354 5306; x_wconf 90' lang='lat'><strong>11.</strong></span> <span class='ocrx_word' id='word_1_338' title='bbox 1383 5239 1412 5326; x_wconf 68' lang='grc' dir='ltr'><strong>ς.</strong></span> <span class='ocrx_word' id='word_1_339' title='bbox 1440 5241 1498 5306; x_wconf 84' lang='lat' dir='ltr'><strong>lv.</strong></span> <span class='ocrx_word' id='word_1_340' title='bbox 1527 5241 1575 5303; x_wconf 92' lang='lat'><strong>11.</strong></span> 
     </span>
    </p>
   </div>
   <div class='ocr_carea' id='block_1_11' title="bbox 0 0 2484 6054">
    <p class='ocr_par' dir='ltr' id='par_1_13' title="bbox 0 0 2484 6054">
     <span class='ocr_line' id='line_1_37' title="bbox 0 0 2484 6054; baseline 0 11"><span class='ocrx_word' id='word_1_341' title='bbox 0 0 2484 6054; x_wconf 95' lang='lat' dir='ltr'><strong> </strong></span> 
     </span>
    </p>
   </div>
  </div>
 </body>
</html>
