4942 6048
1039 449 1181 560 ιδ.
1341 585 1345 594 .

998 679 1139 795 tat·
1298 779 1303 800 .

700 845 992 914 Draouosrs
1030 867 1087 914 ac
1126 861 1433 917 eaocaorrs.

111 965 118 980 ’
238 983 475 1074 Draouosrs
507 983 627 1076 laesae
659 985 840 1076 arteriae
872 988 1137 1076 mammariae
1169 987 1367 1074 internae
1398 989 1568 1076 nititur
1589 989 1828 1108 *praecipue
1861 1022 1963 1082 ana·

175 1116 340 1198 tomico
374 1117 486 1204 uasis
511 1116 652 1224 hujus
685 1115 775 1200 situ
809 1138 898 1222 (erre
926 1139 1224 1228 introducerent
1256 1141 1310 1205 ιδ.
1340 1140 1406 1226 Β),
1442 1125 1565 1228 quod
1582 1127 1637 1203 ad
1655 1121 1877 1208 internam
1895 1153 1962 1210 su·

173 1240 408 1356 perficiem
441 1241 741 1330 intercostalis
774 1239 1046 1352 cartilaginis
1079 1267 1126 1326 os
1159 1241 1301 1328 sterni
1334 1245 1574 1356 spectantis
1607 1249 1856 1334 descendit.
1875 1249 1963 1338 Cu-

174 1369 244 1476 ius
276 1369 456 1455 arteriae
488 1369 629 1478 laesio,
663 1397 767 1480 quae
799 1367 896 1452 ιιίιιι
919 1366 1173 1452 immediata
1208 1370 1406 1456 remedia
1457 1372 1708 1484 chirurgica
1742 1376 1963 1488 admittit,

172 1520 348 1608 semper
373 1487 460 1612 'pro
493 1497 743 1612 periculosa
775 1497 980 1598 habetur.
1012 1491 1289 1588 Pumcunuu
1323 1523 1431 1598 vero
1465 1501 1606 1616 ipsum
1632 1501 1800 1615 partim
1820 1531 1962 1617 epos-

175 1623 298 1707 sibili
332 1623 669 1736 haemorrhagia,
703 1649 810 1734 quae
842 1648 1079 1738 quousque
1111 1650 1206 1710 uon
1239 1623 1506 1734 substiterit,
1533 1655 1619 1712 cor
1652 1639 1700 1712 et
1723 1633 1962 1746 pulmones

172 1775 377 1864 premere
408 1763 573 1870 potest,
603 1751 767 1869 partim
799 1779 907 1838 vero
940 1777 967 1838 e
999 1749 1227 1868 sangrcinis
1254 1753 1430 1860 jactura
1457 1754 1686 1872 provenit.

237 2144 469 2234 Tractatio
500 2147 578 2234 hio
612 2171 797 2260 quoque
830 2050 981 2234 mansit
1018 2065 1201 2266 ueadem&
1235 2175 1340 2258 qum
1376 2146 1528 2234 locum
1559 2149 1698 2236 habet
1727 2148 1850 2236 circa
1890 2149 1964 2236 lae·

174 2300 263 2380 sam
296 2275 503 2362 arteriam
537 2273 869 2374 intercostalem
904 2295 958 2384 (ss
974 2295 1125 2390 σιμ).
1161 2271 1254 2360 Ubi
1288 2277 1430 2390 igitur
1461 2277 1512 2363 id
1544 2277 1651 2366 lieri
1698 2288 1862 2392 potest,
1894 2303 1964 2364 nr·
2065 2331 2068 2337 ·

174 2427 390 2488 maurane
422 2427 669 2488 neuroamo
697 2421 735 2508 (s
762 2415 840 2516 64),
880 2400 955 2485 vel
999 2395 1211 2502 Teanum
1243 2429 1482 2494 muruonus
1514 2427 1552 2514 (s
1580 2427 1647 2515 es)
1677 2406 1964 2514 adhibeatur,

174 2555 353 2616 necesse
388 2541 467 2616 est.
500 2529 566 2620 Ut
598 2531 748 2614 autem
781 2527 971 2642 spatium
1002 2524 1112 2610 huic
1144 2525 1213 2610 rei
1247 2541 1399 2642 aptum
1447 2529 1547 2637 fiat,
1597 2558 1706 2645 opus
1756 2545 1823 2620 est
1854 2542 1962 2620 ante·
2026 2559 2030 2565 ’

175 2655 325 2739 omnia
357 2668 526 2770 partem
559 2653 753 2768 aliquam
787 2649 1060 2762 cartilaginis
1092 2652 1392 2758 intercostalis
1425 2649 1672 2746 exsecaref)
1679 2687 1695 2766 3
1745 2663 1807 2746 ad
1839 2661 1965 2772 quod
2097 2647 2100 2656 ’

177 2781 473 2869 efficiendum
508 2783 656 2874 culter
687 2779 971 2868 lenticularis
1002 2781 1193 2868 idoneus
1226 2784 1423 2872 maxime
1458 2783 1759 2874 existimatur.
1783 2784 1872 2872 Cui
1889 2812 1966 2870 au·

163 2919 266 2997 tem
300 2910 449 2998 lorsan
498 2915 596 2996 haec
629 2908 867 2996 methodus
915 2907 1142 3024 applicatu
1174 2906 1396 3022 difficilis,
1429 2913 1667 3022 minusque
1684 2939 1725 3032 ¹a
1757 2912 1994 3030 periculo'

174 3037 322 3124 aliena
371 3037 620 3148 videbitur,
651 3035 714 3136 ⁴ei
746 3037 799 3124 in
830 3031 1056 3124 auxilium
1108 3041 1349 3126 turundam
1399 3056 1559 3158 (roae)
1591 3039 1827 3154 adhibere,
1857 3048 1966 3130 anto

171 3163 284 3254 alias
317 3171 592 3254 commendo.

617 3403 960 3498 CAPUT
1035 3401 1525 3501 TERTIUM,

592 3579 679 3664 ,Dr
712 3599 988 3696 rano-unus
1036 3597 1545 3664 xxruevasarrorn

649 3767 711 3829 ιιι
759 3761 1088 3828 recreare
1137 3765 1490 3838 carruca.
1648 3852 1656 3866 ,
1758 3807 1764 3816 ·

906 3909 1253 3933 uua-*nn-

998 4015 1140 4134 sn.
1251 3991 1254 3996 ’

780 4189 1343 4254 beennon..

237 4325 299 4416 In
333 4327 542 4426 omnibus
570 4325 836 4450 vulneribus
870 4353 970 4410 cum
1002 4323 1188 4412 laesione
1220 4329 1393 4440 pleuree
1426 4323 1695 4436 conjunctis,
1718 4349 1822 4438 quae
1850 4329 1968 4416 acci.

175 4461 295 4545 dunt
334 4457 383 4541 in
418 4467 536 4544 statu
570 4459 777 4566 quodam,
811 4450 892 4538 ubi
926 4453 1049 4538 nulla
1083 4457 1353 4539 membranae
1369 4455 1502 4562 hujus
1520 4465 1568 4540 et
1600 4458 1863 4568 pulmonum
1897 4485 1966 4542 co·

177 4585 315 4672 haesio
364 4589 504 4694 adest,
536 4607 607 4670 res
639 4606 778 4698 prope
811 4578 1089 4665 inevitabilis
1122 4592 1204 4688 est,
1236 4592 1289 4664 ut
1323 4581 1549 4692 sanguinis
1580 4583 1757 4694 aliquid
1791 4583 1841 4667 in
1863 4610 1967 4700 peo-

181 4713 289 4798 toris
322 4714 557 4798 cavitatem
591 4709 820 4824 irrumpat.
854 4706 978 4792 Hinc
1011 4707 1374 4816 in,vulneribus,
1394 4735 1582 4819 quorum
1601 4709 1965 4821 disquisitionem

177 4839 469 4949 instituimus,
502 4835 728 4949 sanguinis
760 4834 1035 4920 extravasati
1057 4835 1339 4950 complicatio
1356 4835 1592 4949 saepissime
1610 4839 1824 4945 occurrit,
1844 4865 1965 4948 quae,
2013 4932 2016 4945 ,

97 5002 103 5014 “
180 4991 319 5079 quum
369 4971 427 5051 ml
473 4977 718 5076 utrumque
767 4965 882 5047 latus
912 4961 1199 5056 simulhaud
1231 4989 1333 5046 raro
1364 4964 1502 5047 etiam
1536 4963 1720 5073 existat,
1768 4966 1962 5077 plerum·

180 5119 271 5208 que
307 5075 455 5179 tamin
488 5093 539 5178 in
573 5093 714 5178 latere
755 5090 993 5178 vulnerato
1025 5115 1118 5180 sese
1150 5087 1417 5181 manifestat.
1449 5085 1510 5176 In
1540 5091 1684 5210 priori
1717 5115 1826 5180 vero
1859 5117 1961 5182 casu

179 5279 841 5368 nzmonuT.ln.p.rssa.³·

1836 5407 1862 5464 a
