4960 6054
968 453 1104 584 ‘oo
1200 454 1204 460 .

128 673 420 785 chirurgicae
450 673 752 789 operationes,
785 699 811 758 a
842 632 1107 774 vulnerilius
1139 627 1342 792 pectoris
1356 669 1536 790 petitae,
1549 673 1805 792 distinctius
1836 701 1926 790 per

139 814 431 916 symptomata
449 799 729 909 indicentur,
747 803 883 912 atque
900 799 974 886 sic'
1003 803 1308 888 evidentiores
1327 802 1456 910 siant,
1472 803 1635 918 partim
1652 831 1775 908 vero,
1794 807 1920 913 quod
2056 869 2061 880 .

138 928 234 1012 illae
273 927 431 1014 ennea
463 958 490 1013 a
522 931 679 1039 quovis
710 931 915 1043 periculo
940 928 1112 1013 'alienae
1145 925 1251 1037 sint,
1287 933 1427 1041 quum
1442 957 1574 1014 nemo
1600 957 1705 1014 vero
1722 932 1841 1016 idem
1860 922 1919 1016 de

127 1055 478 1172 operationibus
512 1051 699 1142 calvarii
729 1060 916 1143 vulnera
947 1059 1236 1170 penetrantia
1286 1058 1699 1168 concernentibus,
1733 1069 1920 1144 conten·

138 1185 249 1268 dere
276 1184 496 1278 voluerit.
613 1193 659 1259 '.
1394 1225 1399 1232 ·
2063 1185 2065 1192 ’

814 1343 819 1352 -
915 1245 926 1378 Ῐ
955 1311 991 1426 s·
1022 1311 1134 1412 as„

110 1503 115 1508 ·
186 1469 243 1586 Ε
275 1474 445 1582 mutus,
477 1474 639 1562 ceteris
655 1473 851 1590 pacibus,
867 1475 1092 1561 variorum
1114 1473 1310 1590 pectoris
1326 1473 1663 1588 penetrantium
1677 1474 1918 1560 vulnerum

39 1695 50 1712 ,
138 1599 484 1720 comparatione,
518 1605 604 1690 hoc
636 1601 926 1716 experientia
937 1601 1256 1687 confirmatum
1274 1606 1333 1692 de
1345 1603 1557 1715 periculo
1569 1601 1788 1710 judicium
1806 1599 1920 1687 ferri
1972 1705 1975 1720 v

135 1739 294 1840 potest:
313 1727 517 1835 vulnera,
548 1757 667 1838 quae,
683 1728 994 1842 interioribus
1011 1731 1218 1842 partium·
1244 1729 1441 1848 pectoris
1460 1728 1668 1838 integris,
1680 1728 1920 1814 cavitatem

135 1855 329 1962 laedunt,
361 1877 455 1938 non
487 1866 593 1940 sunt
625 1857 892 1970 periculosa,
921 1855 999 1940 vel
1028 1857 1183 1940 saltem
1215 1855 1357 1956 multo
1390 1855 1564 1962 minus,
1585 1879 1718 1964 quarn
1735 1881 1801 1962 ea,
1820 1853 1920 1964 qui·

139 1981 225 2067 bus
256 1979 387 2064 simul
419 1982 469 2066 et
501 1981 596 2064 illas
627 1971 874 2066 luduntur.
900 1979 1013 2083 Quo
1045 1979 1192 2066 minus
1206 1982 1316 2066 ‘'illa·
1336 1973 1619 2094 complicata,
1645 1983 1786 2090 atque
1818 2007 1918 2093 pro·

136 2101 280 2193 lunda
311 2105 620 2220 reperiuntur,
653 2135 743 2218 quo
776 2109 971 2192 minores
1002 2107 1203 2220 corporis
1231 2117 1377 2220 partes
1409 2106 1682 2212 sauciantur,
1708 2115 1800 2190 :aut
1833 2130 1917 2219 per

135 2231 433 2346 sympathiam
469 2233 599 2318 simul
632 2235 935 2340 attrahuntur,
970 2259 1026 2318 eo
1058 2260 1178 2318 cura.
1196 2235 1422 2346 aptior'et
1454 2259 1549 2347 spes
1583 2244 1778 2318 eventus
1803 2257 1918 2344 pro·
2044 2305 2046 2312 ,

137 2359 256 2471 speri
288 2357 465 2444 facilior
497 2353 717 2472 procedit.
751 2351 852 2443 Nrin
889 2371 1061 2474 tantum
1094 2363 1159 2444 de'
1185 2360 1456 2472 vulneribus
1500 2369 1623 2464 recta
1656 2357 1959 2443 directione·

29 2463 43 2482 ⁸
135 2482 340 2599 inflictis
376 2469 781 2599 pertimescendum
814 2495 911 2592 est,
945 2494 1162 2596 quantum
1196 2491 1254 2572 de
1287 2487 1360 2593 iis,
1391 2513 1498 2596 quae
1527 2484 1713 2596 obliquat
1729 2515 1744 2591 3
1778 2485 1834 2603 in
1863 2483 1921 2566 il«

134 2609 213 2696 lis'
238 2611 361 2710 enim
409 2611 618 2700 el'l'luxns
666 2611 961 2720 extravasati,
1006 2611 1082 2696 vel
1115 2611 1294 2700 secreti·
1327 2611 1542 2720 humoris,
1574 2613 1721 2694 multo
1766 2609 1916 2694 minus
1961 2677 1975 2702 ,

138 2735 400 2852 impeditur.
455 2749 480 2799 Ψ
1088 2811 1093 2818 ,
1389 2781 1390 2784 ¹

198 2863 265 2950 At
298 2867 383 2948 hoc
417 2893 599 2965 omnen
633 2861 866 2985 (nonnae)
900 2893 1131 2974 monum,
1180 2861 1350 2977 quilius
1393 2865 1582 2952 vulnera
1634 2859 1916 2972 hrsmnntur,

122 2989 316 3094 ratione
340 2992 531 3100 habita,
549 3018 849 3078 senonensem
883 2993 933 3078 in
967 2992 1228 3092 universnm
1259 2992 1596 3106 periculosiora,
1629 3017 1766 3100 quarn
1788 3015 1922 3079 nauto·n
2043 3079 2045 3089 ,

135 3142 194 3200 na
227 3117 536 3231 reperiuntur3
567 3144 669 3236 nam
703 3118 925 3236 cumillis,
943 3145 1048 3228 quse
1065 3119 1390 3225 quodammodo
1407 3091 1695 3232 scutariorum
1709 3143 1760 3200 ac
1775 3141 1918 3230 punc·

140 3253 296 3328 torum
320 3244 559 3328 vulnerum
592 3243 793 3326 indolem
823 3246 1066 3351 assumunt,
1099 3244 1371 3358 plerumque
1421 3243 1618 3328 thoracis
1666 3241 1921 3349 concussio,
1972 3285 1988 3350 χ

138 3369 299 3454 ossium
331 3367 544 3478 fractura,
565 3369 771 3482 'plurium
803 3369 1004 3452 mollium
1034 3369 1230 3480 partium
1263 3378 1314 3454 et
1344 3395 1499 3478 magna
1531 3393 1732 3463 vasormu
1753 3369 1924 3452 lacero·

140 3495 204 3580 tio
238 3506 286 3580 et
316 3495 548 3606 sanguinis
581 3496 885 3580 extravasatio
933 3495 1178 3602 conjuncta
1224 3494 1349 3602 sunt3
1399 3498 1523 3580 unde
1573 3491 1709 3579 etiam
1745 3493 1915 3578 'vulne-
2041 3489 2047 3502 ’

116 3649 185 3706 ·ra
217 3600 358 3706 multo
391 3621 723 3736 complicatiora
755 3626 966 3707 evadunt.
981 3669 1043 3686 -
1058 3615 1265 3729 Ideoque
1295 3619 1467 3730 globuli
1500 3619 1639 3705 ferrei
1657 3621 1718 3704 ob
1740 3615 1919 3730 magni·
1993 3677 2001 3688 -

140 3747 344 3834 tudinem
374 3751 497 3832 suam
527 3750 633 3862 plus
660 3747 811 3831 darnni
843 3749 1017 3866 semper
1050 3744 1272 3854 inferunt,
1305 3733 1438 3854 quam
1470 3747 1697 3859 plumbeae
1745 3743 1915 3834 listula-

137 3900 236 3962 rrum
265 3874 561 3984 igniferarmn
593 3875 791 3983 glandes,
825 3900 932 3983 quse
962 3898 1125 3980 narsus,
1144 3899 1234 3982 quo
1267 3871 1458 3980 majores
1485 3883 1590 3956 sunt
1623 3881 1676 3955 et.
1690 3871 1797 3986 ipsae
1813 3871 1919 3984 plus

137 4001 331 4107 laedunt,
364 4027 513 4110 quam,
543 4027 649 4108 quae
680 4001 897 4084 minorem
929 3997 1145 4081 ambitum
1194 3999 1379 4084 habent.
1400 3995 1687 4088 *vumera
1738 4005 1917 4082 sonora·

138 4152 296 4233 nanu,
325 4127 408 4210 ubi
439 4153 596 4240 corpus
627 4125 839 4236 alienum,
873 4152 912 4212 e.
946 4153 1010 4235 gr.
1034 4123 1255 4234 globulus,
1273 4123 1571 4239 epistomium,
1591 4124 1779 4209 vestitus
1798 4147 1916 4236 pars,

137 4263 216 4338 aut
237 4254 342 4342 §talc
372 4253 518 4362 quid,
547 4261 630 4336 aut
657 4277 844 4360 roms,
866 4253 958 4335 xubi
1007 4275 1137 4362 mque
1177 4249 1367 4361 aliquid,
1400 4261 1453 4334 ut
1486 4249 1634 4363 cuspis
1676 4245 1914 4364 praefracta

144 4379 241 4488 teli,
273 4378 324 4464 in
355 4389 511 4492 pectus
543 4377 756 4488 insertur,
779 4379 854 4462 vel
869 4379 1070 4487 deniqne
1087 4379 1275 4462 vulnera
1294 4377 1389 4464 telo
1405 4375 1636 4460 immundo
1651 4375 1914 4484 illata,sunt

60 4527 71 4542 ·
138 4505 288 4591 omnia
316 4505 654 4620 periculosiora,
685 4531 815 4615 quarn
835 4533 916 4615 ea„
934 4505 985 4588 in
1018 4493 1183 4614 quibus
1215 4507 1325 4590 haec
1356 4505 1506 4588 locum
1539 4531 1634 4622 non
1668 4504 1915 4588 habent.-

139 4627 316 4718 Glande
349 4631 403 4716 in
438 4632 629 4718 vulnere
676 4631 957 4746 sclopetario·
992 4629 1150 4740 ejecta,
1183 4641 1376 4744 aegrotus
1409 4631 1460 4716 in
1493 4629 1657 4756 minori
1705 4629 1915 4745 periculo

137 4759 360 4868 versatur,¹
388 4785 519 4870 mam
550 4759 591 4842 si
623 4758 701 4843 illa
734 4759 785 4844 in
816 4757 1010 4874 pectoris
1043 4761 1251 4884 cavitate,
1283 4758 1357 4845 vel
1390 4759 1524 4844 ctiam
1557 4756 1608 4842 in
1623 4755 1917 4871 pulmonibus

137 4893 376 4972 remaneat.
392 4883 745 4970 -Puncto'rum
778 4888 1018 4970 vulnerum
1049 4882 1302 5001 periculum
1348 4881 1521 4999 pendet
1553 4884 1760 4997 inprimis
1791 4911 1816 4964 a
1851 4892 1914 4966 te·
2045 4921 2050 4940 ·

137 5015 284 5098 lorum
315 5035 482 5120 genere
513 5009 706 5132 (loma),
740 5014 991 5121 celeritate,
1021 5013 1262 5128 asperitate
1296 5024 1345 5098 et
1377 5013 1564 5126 impetu,
1606 5021 1801 5120 quocum
1832 5008 1910 5094 illa

137 5146 293 5254 pectus
325 5136 586 5246 feriunt-
602 5137 805 5230 Vulnera
839 5149 1006 5255 puncta
1039 5141 1139 5254 plus
1172 5140 1323 5224 darnru
1356 5137 1570 5225 adierunt
1595 5137 1913 5236 instrumento

30 5273 37 5286 “
140 5267 384 5356 acutiorem
415 5291 673 5370 mucronem
713 5265 913 5358 habente
959 5266 1099 5378 illata,
1148 5295 1294 5382 quam,
1343 5295 1447 5380 quac
1496 5255 1739 5373 hebetiori,
1772 5287 1913 5371 egr.
