4938 6054
1008 413 1125 518 ‘129¹
1227 455 1231 464 .

163 647 243 712 na-
256 619 383 736 quies
415 591 691 709 observanda
724 627 791 708 est
807 613 880 739 (ut
897 614 948 704 in
965 627 1190 736 posterum
1206 617 1257 706 in
1274 619 1496 738 capitibus
1513 623 1570 710 de
1589 623 1737 714 diaeta
1769 639 1816 716 et
1832 632 1951 744 regi·

163 755 287 840 mine
310 753 360 836 in
382 752 451 839 his
484 749 758 836 laesionibus
790 743 1076 868 videbimusJ:
1108 747 1172 831 ita
1205 749 1291 833 hoc
1326 750 1529 866 inprimis
1552 757 1846 842 necessarium
1881 771 1949 846 est

163 879 215 965 in
233 877 574 996 complicatione
592 904 692 962 cum
711 885 927 960 costarum
943 873 1152 960 fractura.
1172 873 1396 976 Quocirca
1420 877 1505 960 iam
1538 875 1742 968 Cnosos)
1778 898 1946 972 monet:

162 1005 441 1122 ”peremne
473 1015 622 1089 autem
659 1013 829 1117 tempus
862 1001 1107 1086 curationis
1139 1000 1363 1089 vitandus·
1383 1005 1560 1116 clamor,
1586 1036 1728 1094 sermo
1747 1037 1947 1122 quoque,

161 1135 427 1242 „tumultus,
461 1132 543 1242 ira,
568 1131 720 1215 'motus
752 1127 1066 1213 vehementior
1100 1130 1312 1241 corporis,
1346 1128 1506 1238 fumus,
1544 1135 1690 1246 pulvis
1745 1147 1793 1220 et
1824 1140 1949 1250 quic·

159 1261 308 1372 „quid
340 1262 414 1345 vel
450 1259 620 1365 tussim,
635 1257 709 1347 vel
726 1265 1130 1342 sternutamentum
1147 1266 1312 1367 movet,
1328 1285 1388 1346 ne
1405 1260 1613 1375 spiritum
1630 1261 1815 1374 quidem
1833 1291 1947 1375 mag-

158 1415 363 1504 ,·,nopcre
395 1385 634 1474 continere
668 1382 906 1500 expedit.''

108 1806 173 1876 ἓν

254 1824 1680 2026 .’οΑΡΠΤουΙΝτὺΜ

632 2133 740 2218 Dc
803 2097 1570 2256 massmannus

861 2438 864 2444 ,
970 2359 1136 2475 5135.
1215 2397 1216 2402 ¹

871 2494 1372 2592 Occoasoes'

222 2657 419 2780 Quando
436 2672 619 2782 quidem
636 2673 695 2756 de
728 2666 864 2781 signis
896 2677 1034 2776 atque
1068 2662 1437 2778 symptomatibus
1472 2667 1709 2752 vulnerum
1741 2657 1942 2783 pectoris
2064 2697 2068 2712 ’

148 2802 499 2917 penetrantium
532 2785 724 2908 loquuti,
743 2816 781 2904 (ς
827 2816 901 2902 20.)
929 2783 1294 2903 emphysematie,
1330 2799 1538 2902 tanquam
1571 2801 1786 2884 momenti
1819 2831 1944 2890 nnn.

157 2953 344 3039 oosnscr,
378 2923 638 3036 chirurgum
675 2918 940 3006 instruentis
973 2915 1248 3004 mentionem
1282 2915 1367 3002 iam
1401 2917 1600 3029 fecimus,
1633 2951 1758 3009 nsmc
1787 2933 1846 3014 ad
1862 2941 1945 3016 sta·

161 3069 254 3144 tum
287 3057 417 3142 illum
450 3073 796 3138 oacnoooorcou
829 3053 1177 3132 concernentem
1212 3043 1422 3157 proxime
1455 3047 1692 3133 vulnerum
1724 3053 1942 3142 eiusmodi

158 3180 561 3300 complicationem,
596 3203 710 3290 quae
743 3171 1042 3282 attentionem
1077 3170 1281 3280 chirurgi
1313 3170 1502 3284 practici
1536 3183 1583 3256 et
1600 3202 1729 3294 opem
1747 3165 1843 3267 cius
1861 3210 1943 3266 ma·
2058 3281 2061 3294 ¹

154 3313 336 3398 nualcm
368 3325 474 3423 prae
508 3304 670 3392 ceteris
701 3299 859 3416 poscit,
893 3300 1072 3413 propius
1106 3297 1479 3380 considerandum
1504 3303 1769 3391 accedimus.
1790 3308 1942 3410 Quum

152 3466 264 3526 vero
298 3438 596 3553 emphysema,
629 3427 888 3545 praesertim
921 3423 1191 3539 pulmonale,
1210 3422 1384 3508 evariis
1417 3426 1557 3511 causis
1604 3429 1793 3541 oriatur,
1825 3443 1867 3521 νζ
1900 3459 1941 3546 g.

156 3565 355 3654 cnimia
403 3557 640 3678 pulmonis,
690 3557 741 3640 in
774 3553 897 3680 uario
937 3548 1242 3666 respirationis
1290 3558 1424 3660 statu,
1467 3556 1764 3667 extensione,
1799 3565 1942 3671 qualis
2018 3570 2019 3579 '

156 3703 308 3800 cantu,
341 3687 562 3794 anhelitu,
598 3681 720 3791 tussi,
753 3681 860 3787 risu,
894 3676 1237 3785 sternutatione,
1255 3675 1535 3786 oscitatione,
1552 3681 1627 3764 vel
1644 3685 1733 3768 alio
1751 3692 1942 3796 quodam
1992 3697 1998 3714 “

156 3846 324 3933 genere
348 3817 466 3922 nisu,
500 3825 553 3897 ut
585 3812 708 3897 inter
740 3818 930 3923 partum,
964 3803 1214 3907 excitetur,
1249 3804 1306 3886 de
1343 3802 1420 3886 tali
1454 3807 1799 3918 emphysemate,
1834 3817 1942 3924 qnia

155 3933 303 4033 minus
352 3941 609 4029 immediate
658 3941 715 4046 ad
749 3960 843 4020 rem
874 3941 1079 4016 'nostram
1112 3936 1297 4042 spectat,
1329 3931 1468 4012 verba
1500 3931 1576 4014 hio
1607 3931 1815 4052 facienda
1848 3963 1941 4026 esse

154 4103 253 4159 non
302 4066 518 4186 putamus.
567 4065 868 4178 Emphysema
904 4055 1211 4143 traumaticurn
1245 4063 1312 4138 est
1344 4055 1631 4170 complicatio¹
1653 4059 1709 4143 in
1742 4059 1940 4150 vuliteri-

127 4205 240 4288 ·bus
270 4197 465 4314 pectoris
497 4190 840 4309 penetrantibus
873 4209 1117 4272 SAEPISSIME
1149 4174 1461 4268 occurrens.*).

220 4323 453 4411 Pnoxma'
484 4312 827 4435 emphysematis
860 4337 1002 4398 causa
1035 4318 1102 4394 est
1133 4307 1246 4390 airis
1279 4307 1329 4390 in
1365 4309 1514 4392 tellam
1547 4309 1800 4399 cellulosam
1860 4345 1963 4403 ex·.
2099 4383 2103 4388 .
2214 4397 2219 4408 ,

153 4471 302 4548 ternae
334 4447 531 4564 corporis
563 4435 1085 4562 superi101e11ntroitus,
1120 4433 1196 4517 cui
1231 4443 1439 4544 tanquam
1473 4456 1615 4522 causa
1635 4453 1839 4530 ,nemora
1872 4447 1938 4530 in·
2241 4445 2251 4477 ¹

147 4621 663 4654 ,.............----

145 4725 197 4814 ¹5)
225 4726 364 4788 Canens.
393 4715 418 4782 l.
446 4733 477 4780 c.
506 4712 588 4778 Libr
612 4709 707 4776 vm.
735 4708 820 4791 Cep.
847 4704 907 4766 IX.
935 4709 1074 4788 pact.

144 4829 192 4914 *)
218 4820 418 4912 E‘plurimis
443 4813 651 4892 vulneribus
675 4807 831 4898 pectoris
868 4799 1144 4892 penetrantibus,
1173 4817 1255 4886 quae
1282 4797 1319 4863 in
1345 4797 1469 4884 Belgis
1496 4809 1577 4888 post
1603 4821 1759 4890 pugnam
1784 4808 1831 4886 ad
1857 4814 1940 4880 Wa-

218 4925 334 4992 terloo
361 4923 398 4986 in
424 4917 631 4984 Britannicis
657 4907 879 4976 nosocomiis
897 4904 1130 5002 obvenerunt,
1146 4919 1369 4968 onucauono
1397 4921 1479 4968 cum
1505 4901 1771 4992 erophysemate
1796 4912 1942 5000 conjun-

217 5031 256 5116 gi
281 5035 421 5114 reperta
449 5029 539 5086 sunt.
565 5021 748 5082 Tncnscu.
778 5008 802 5077 l.
830 5025 861 5074 c.
880 5028 924 5096 .p.
942 5007 1033 5093 76.-
1043 5010 1155 5069 Immo
1183 5009 1318 5070 umam
1345 4999 1358 5067 l
1386 5025 1417 5071 c.
1444 5026 1482 5094 p.
1501 5007 1586 5091 596.
1602 5009 1637 5072 in
1651 5009 1859 5078 vulneribus
1872 5012 1939 5102 his,

218 5152 301 5220 qnoe
331 5111 483 5194 tractare⁴
506 5117 763 5199 constituimus,
790 5131 862 5176 non
889 5119 959 5178 tam
985 5105 1155 5196 frequens
1181 5103 1415 5196 emphysema
1443 5109 1601 5176 existere
1626 5130 1734 5198 posse
1748 5115 1938 5204 existimat,

216 5251 329 5324 quam
354 5227 508 5296 aliorum
534 5219 606 5292 fert
630 5216 790 5306 vomeris
816 5214 950 5303 opinio.

1815 5381 1870 5462 ¹7
