4942 6048
1034 441 1135 543 ⁸141.
1185 499 1192 512 .

193 655 468 776 uocarent),
494 662 575 778 qui
609 659 869 778 nuperrime
903 659 1049 746 cultro
1073 661 1419 749 instrumentum
1436 661 1522 746 hoc
1538 663 1773 778 praetulit,
1796 675 1987 752 tanturn·

186 793 715 908 modosibiapulmomun
732 789 930 881 laesione
957 815 1115 874 cavere
1146 789 1380 905 praecipit.
1398 785 1456 872 ln
1475 817 1528 874 eo
1556 802 1702 877 tamen
1732 793 1813 880 ille
1845 793 1980 878 nimis

187 919 534 1034 circumspectus
583 945 675 1006 esse
724 915 835 1001 mihi
853 917 1068 1028 ¹videtur,
1102 922 1226 1028 quod
1257 943 1360 1002 acus
1408 916 1644 1028 triquetra,
1692 921 1977 1033 pulmonibus

185 1047 242 1130 ab
275 1051 380 1130 atre
414 1047 464 1130 in
498 1049 668 1162 pleurae
701 1071 874 1132 saccum
908 1043 1122 1152 ingresso,
1163 1043 1365 1160 repulsis,
1399 1044 1520 1126 haud
1537 1043 1669 1130 broile
1685 1051 1743 1130 ad
1759 1073 1976 1157 organum

117 1253 132 1272 ,
184 1173 427 1286 pervenire
460 1185 621 1289 potest.
662 1173 865 1258 Molmllt
899 1191 1102 1280 (Mimor'rrs
1128 1195 1166 1259 de
1191 1191 1396 1260 l’Arrdrmle
1422 1193 1533 1281 rapoto
1570 1194 1609 1256 rie
1649 1192 1834 1283 Chirurgr'e.
1862 1195 1972 1260 Poris.

190 1321 732 1410 2755.T0m.11.p.551)
758 1295 987 1384 similitu
1022 1323 1123 1382 casu
1157 1297 1206 1378 in
1248 1295 1441 1410 pectoris
1491 1295 1725 1380 cavitatem
1775 1297 1976 1384 inferens
2039 1387 2046 1402 ,
2139 1323 2143 1340 ·

186 1421 418 1534 specillum
466 1424 525 1506 ad
564 1433 796 1533 quatuor,
835 1425 910 1508 vel
952 1424 1158 1536 quinque
1197 1423 1368 1588 pollues
1380 1485 1396 1530 ,
1443 1447 1503 1510 ne
1542 1423 1776 1508 minimum
1824 1423 2023 1534 attigit

182 1548 429 1662 pulmones.

993 1719 1018 1832 5
1057 1716 1159 1824 145.
1430 1743 1435 1752 '
1805 1755 1811 1770 ²
2018 1767 2024 1808 t

193 1973 197 1996 ι
246 1877 537 1988 Baomurunn,
546 1901 769 1992 (carrargrcat
782 1903 1174 1972 olsewnsonsanaCascs.
1190 1917 1296 1986 ¹77⁴·
1308 1902 1349 1970 T.
1360 1903 1410 1990 l.)
1429 1880 1625 1968 Hawsou
1642 1891 1691 1966 et
1723 1881 1774 1970 B.
1807 1871 1971 1964 beant
2074 1907 2078 1992 j

181 2004 289 2093 falsa
322 2007 539 2122 opinione
571 2007 768 2116 inducti,
804 2007 928 2120 quasi
961 2008 1196 2124 pulmones
1218 2006 1274 2092 'vi
1308 2009 1585 2098 dilatationis
1618 2007 1684 2092 ‘vi
1717 2009 1862 2093 activa
1911 2035 1973 2094 es·
2007 2013 2008 2020 ‘
2107 2038 2111 2051 ’

180 2146 282 2222 sent
296 2135 510 2250 praediti,
544 2161 659 2247 quae
692 2137 760 2226 ab.
780 2139 885 2220 aere
919 2133 969 2220 in
1002 2136 1347 2249 emphysemate‘
1367 2134 1486 2222 intra
1518 2144 1676 2250 peetus
1721 2145 1971 2222 extravasa·

182 2270 232 2346 to
265 2261 580 2376 supprimatur,
614 2261 723 2386 inde
757 2261 1031 2372 colligarunt
1063 2265 1121 2344 ad
1163 2262 1280 2346 habe
1312 2261 1674 2378 praesuppositam
1695 2262 1970 2349 dilatationis

180 2388 271 2472 vim
305 2389 644 2498 restituendam,
660 2393 808 2475 aerem
842 2414 868 2472 e
898 2388 1087 2504 plau-raa¹
1105 2413 1232 2474 sacco
1265 2389 1513 2476 necessario
1547 2393 1832 2475 educendum
1877 2415 1970 2475 esse
2084 2446 2090 2457 ,

180 2523 237 2599 et'
262 2515 313 2598 in
345 2517 468 2600 huno
502 2513 642 2602 linem
676 2525 925 2624 suaserunt,
959 2527 1176 2626 aegrotum
1204 2520 1444 2602 admonere
1461 2527 1528 2624 ut,
1545 2519 1651 2599 dum
1668 2517 1831 2600 vulnus
1847 2543 1970 2632 aper-

180 2649 276 2725 tum
310 2642 382 2751 sit,
399 2642 523 2732 lente
558 2646 602 2729 dr
633 2641 882 2784 profunde
893 2665 1088 2726 insulana·
1121 2651 1169 2726 et
1202 2639 1265 2726 sic
1296 2641 1410 2725 aeris
1427 2641 1554 2726 intus
1578 2642 1752 2756 recepti
1768 2669 1968 2754 magnam
2104 2640 2107 2659 .
2190 2656 2199 2671 “

176 2777 348 2884 partem
381 2769 618 2884 propellat.
651 2766 882 2855 Dehinc
867 2792 917 2850 rn
951 2777 1177 2864 momento
1211 2767 1341 2851 elatae
1366 2791 1670 2854 rusnmnmorus
1685 2769 1966 2879 integumen-

178 2909 223 2980 ta
256 2921 386 3010 supra
419 2897 582 2980 vulnus
615 2896 707 2982 cito
741 2897 1080 3002 contrahantur,
1114 2905 1167 2978 ut
1200 2893 1373 2980 scilicet
1404 2897 1491 3012 boc
1524 2895 1648 2982 inter
1695 2919 1966 2984 uxeraamo

173 3045 272 3107 uum
302 3023 534 3148 obtectum
567 3021 785 3133 sit31uno
819 3029 998 3107 demum
1021 3023 1211 3106 vulnere
1245 2999 1476 3136 paululum
1494 3021 1618 3106 inter
1633 3046 1967 3110 rusernarrouuu

176 3161 351 3264 aperto,
383 3141 560 3234 omnem
593 3149 707 3237 airis
740 3150 790 3232 in
822 3150 994 3262 pleurae
1027 3176 1152 3234 sacco
1185 3147 1393 3234 contenti
1426 3148 1598 3262 copiam
1642 3149 1772 3232 brevi
1820 3155 1964 3236 detra·

175 3277 225 3362 hi
259 3303 392 3392 posse
414 3287 739 3390 putarunt-
680 3275 903 3361 -Hanc
936 3275 1194 3361 methodum
1227 3300 1477 3399 perversam
1511 3301 1603 3362 esse
1632 3275 1963 3400 indffiapparet,

176 3403 461 3516 quiscerem,
494 3415 547 3488 ut
578 3399 637 3524 (tt
657 3425 764 3500 154-
772 3398 874 3523 135.)
907 3429 1036 3518 supra
1068 3399 1277 3514 vidimus,
1309 3403 1435 3488 inter
1481 3423 1831 3488 rusrrnarrounn
1863 3429 1962 3518 pec-

177 3541 247 3616 tus
279 3532 436 3640 intrat,
452 3531 576 3616 inter
608 3553 957 3616 nxrrna‘rrounn
989 3557 1063 3612 nx
1088 3529 1170 3614 illo
1204 3539 1393 3616 emanat.
1427 3527 1762 3634 Quamobrem
1796 3529 1880 3613 iam
1899 3555 1963 3615 nu

174 3659 398 3742 Gouunum
399 3651 412 3728 )
443 3663 590 3746 adrem
624 3685 650 3742 e
682 3657 838 3772 pleura
870 3681 953 3772 per
986 3655 1322 3776 respirationem
1357 3657 1637 3754 artilicialem
1666 3661 1866 3742 educere
1886 3663 1963 3742 do

173 3811 280 3872 cens
293 3847 311 3895 ,
359 3785 460 3872 satis
500 3789 617 3870 bene
651 3787 762 3870 haee
795 3785 933 3869 addit
954 3809 1120 3892 „manu
1153 3781 1215 3868 ita
1252 3787 1443 3894 tegenda
1484 3793 1724 3898 apertura,
1756 3835 1817 3850 -
1849 3786 1959 3869 dein

172 3938 308 4022 „cum
340 3911 484 3996 clasma
517 3922 723 4024 apertura
758 3935 879 4018 aeger
911 3907 1094 3996 fortiter
1126 3935 1341 4017 rusernuu,
1375 3911 1461 3994 hoo
1493 3909 1614 3996 lacto
1646 3920 1838 3994 conetur
1871 3908 1960 3993 lor-

170 4037 600 4148 „titeruxurnann
634 4060 712 4120 ore
743 4045 794 4118 et
827 4035 1009 4121 naribus
1042 4035 1358 4145 eleusim-hoc
1382 4045 1578 4152 tempore
1612 4037 1838 4151 aperiatur
1870 4037 1959 4150 pla-

169 4193 272 4276 „ga,
288 4175 342 4248 ut
359 4175 499 4248 exeat
531 4167 608 4246 ae'r
640 4165 718 4247 sed
734 4161 770 4247 si
805 4161 968 4246 iterum
987 4165 1085 4246 vult
1101 4187 1235 4273 aeger
1266 4187 1520 4270 inseraann,
1537 4163 1663 4277 plaga
1679 4185 1813 4246 manu
1841 4163 1957 4246 clau-

168 4296 368 4404 „denda,
389 4343 450 4360 -
481 4289 654 4378 iteratis
687 4289 756 4374 his
789 4289 962 4374 actibus
994 4294 1071 4373 adr
1096 4289 1455 4404 r·xpellitur³'-
1475 4289 1563 4408 (De
1596 4290 1798 4374 utilitate
1815 4301 1862 4376 et
1878 4317 1956 4374 no·

169 4445 233 4504 xa
264 4420 399 4504 huius
431 4417 634 4504 methodi
667 4415 983 4531 conl'eratur§
1023 4443 1126 4528 ¹¹⁷3
1160 4415 1468 4533 inposterum
1518 4444 1643 4527 vero,
1694 4443 1854 4532 nempe
1904 4415 1955 4501 in

169 4547 392 4664 capitibus
424 4549 483 4631 de
517 4543 781 4630 vulneribus
813 4555 969 4658 pectus
1001 4547 1347 4658 penetrantibus
1380 4545 1654 4661 simplicibus
1687 4555 1736 4630 et
1769 4547 1827 4630 de
1883 4543 1954 4652 lie,

167 4697 273 4786 qoae
305 4685 406 4758 cum
437 4657 701 4789 pulmonum
733 4671 930 4758 laesione
965 4672 1253 4786 contingunt,
1295 4675 1378 4760 bae
1411 4677 1469 4760 de
1512 4699 1563 4757 re
1612 4673 1796 4762 uberius
1847 4683 1956 4812 trac·
2013 4775 2017 4800 Ι

169 4801 368 4890 tabimus.

164 5047 211 5136 lr)'
237 5051 394 5118 Drcrror.
422 5069 484 5116 nas
509 5051 631 5116 Sam
672 5047 756 5114 urin
783 5067 815 5114 r.
843 5067 908 5114 xn.
927 5067 963 5136 p.
984 5049 1064 5116 138

163 5153 269 5241 PlB·
299 5154 654 5228 ΒιιιιαΗΤΗ
684 5153 821 5240 p..397

162 5251 455 5344 amoena.
482 5273 572 5326 uc.
598 5269 636 5346 p.
670 5255 750 5334 154.
780 5253 899 5407 §bod
926 5262 1019 5342 etp
1040 5251 1121 5322 285.
1152 5249 1297 5338 §1257
