4942 6048
1377 441 1434 524 ss

1340 665 1370 779 S
1405 671 1479 752 da.

582 800 768 911 Magnus
807 819 1020 880 numerus
1052 793 1366 877 methodorum
1405 801 1453 880 ct
1493 787 1808 894 remediorum,
1849 813 1964 898 quae
2003 811 2202 899 unquam
2244 777 2304 870 ad
2366 864 2372 874 .

518 925 895 1036 haemorrhagian
932 948 996 1008 ex
1030 918 1307 1005 intercostali
1341 917 1505 1006 arteria
1538 919 1777 1004 sistendam
1816 916 2038 1030 proposita
2081 925 2203 1020 sunt,
2245 917 2304 997 ad

520 1069 610 1145 tres
648 1058 799 1140 classes
832 1053 1059 1134 commode
1093 1043 1255 1130 referri
1285 1055 1448 1159 potest.
1480 1045 1756 1160 Dependent
1789 1041 1910 1129 enim
1944 1046 2051 1160 plus
2082 1045 2304 1129 minusve.

585 1183 646 1268 1⁰.
679 1212 700 1264 a
738 1205 964 1263 ornarunt
997 1174 1092 1260 laesi
1124 1173 1250 1280 vasis,
1282 1173 1357 1258 vel

586 1307 671 1394 11··.
705 1311 760 1390 ah
795 1305 890 1410 ejus
923 1327 1257 1406 cournnssronrs,
1290 1301 1364 1384 vel
1397 1298 1598 1408 denique

588 1433 700 1520 1110.
734 1455 938 1535 annuns,
970 1455 1052 1512 nou
1085 1452 1127 1510 m
1159 1452 1312 1512 rorum
1342 1451 1512 1512 nassau
1530 1449 2041 1530 remurmuremus:
2059 1453 2119 1512 nr
2134 1451 2307 1512 annuc·

521 1589 657 1652 mons
695 1580 1054 1646 sxsrasurnsns
1086 1575 1334 1638 smoumnu
1365 1577 1604 1638 runnnurrs
1636 1579 1678 1635 m
1712 1575 1910 1637 vaomsu
1942 1577 2072 1640 sunu.

1355 1683 1381 1794 §
1416 1684 1489 1764 63.

588 1815 783 1900 Primam
820 1811 995 1894 classem
1029 1833 1179 1892 rursus
1211 1806 1262 1890 in
1295 1811 1386 1891 duo
1420 1831 1584 1915 genera
1609 1806 1873 1914 dividimus,
1906 1833 2095 1916 quorum
2113 1805 2309 1921 primum

528 1939 568 2030 A
574 1977 593 2051 3
622 1965 848 2026 nrcnruna
881 1963 1008 2022 stunt
1025 1961 1082 2016 rm
1116 1961 1450 2042 coununsuonn,
1482 1934 1674 2018 alterum
1696 1933 1752 2043 Β,
1770 1961 1892 2042 sonu,
1908 1957 2170 2019 murmane
2187 1959 2312 2034 troa-

528 2097 652 2158 τω
689 2065 894 2180 fundatas
925 2063 1158 2146 methodos
1189 2061 1410 2147 continet.

594 2229 658 2350 A)
690 2231 910 2316 hlsnmnn
943 2249 1205 2336 truamur,
1245 2227 1418 2311 scilicet
1456 2245 1687 2312 arctarunt
1725 2251 1853 2314 snoun
1885 2253 1944 2310 nr
1991 2213 2315 2313 cournnssrouu
2360 2270 2367 2280 ·

529 2357 738 2444 fundatae
772 2357 1083 2442 methodorum
1116 2351 1283 2468 species
1315 2365 1434 2440 sunt:
1968 2367 1974 2376 '

604 2515 641 2572 1.
674 2483 796 2570 Acus
829 2475 1094 2568 Camunni)
1132 2481 1223 2565 Hic
1247 2481 1483 2592 chirurgus
1515 2481 1633 2564 circa
1666 2481 1860 2567 medium
1894 2483 2055 2568 saeculi
2075 2475 2315 2596 praeteriti

529 2613 700 2728 primus
732 2621 835 2724 apte
869 2609 1101 2692 incurvata
1135 2633 1218 2694 acu
1250 2609 1450 2723 pleuram
1501 2607 1763 2718 transfigere
1807 2611 1997 2694 tentavit
2038 2620 2085 2696 et
2125 2607 2317 2718 quidem

533 2765 685 2824 versus
726 2738 893 2852 spinam
934 2733 1070 2842 dorsi,
1103 2739 1225 2819 haud
1264 2735 1454 2818 multum
1494 2762 1626 2848 supra
1667 2737 1841 2823 vulnus.
1881 2737 1983 2822 Hoc
2021 2741 2153 2822 modo
2195 2743 2318 2818 costa

531 2867 782 2982 pleuraque
817 2863 899 2945 l'ilo
934 2859 1237 2970 circumligata
1269 2861 1503 2974 pulvinum
1537 2862 1718 2948 arteriae
1750 2855 1971 2976 imposuit.

603 3023 643 3078 2.
678 2989 799 3076 Acus
834 2991 1094 3074 Gounaum.
1127 2988 1220 3071 Hie
1252 2989 1569 3074 celeberrimus
1601 2990 1765 3074 montis
1796 2989 2028 3076 Pessulani
2078 2989 2319 3096 chirurgus

534 3147 619 3204 acu
651 3147 674 3201 a
709 3125 847 3203 semet
881 3115 976 3228 ipso
1011 3113 1061 3196 in
1095 3115 1218 3198 hunc
1251 3113 1391 3199 finem
1423 3115 1610 3201 inventa
1646 3126 1693 3200 et
1717 3121 1845 3202 ‘anno
1884 3127 2005 3225 1740
2024 3117 2174 3228 regiae
2193 3113 2313 3196 l‘ran·

533 3244 792 3354 cogallicae
827 3241 1077 3324 academiae
1111 3241 1396 3326 scientiarum
1429 3245 1654 3356 proposita
1688 3264 1886 3348 (Mamurra
1925 3269 1962 3332 aa
2001 3267 2027 3331 ι’
2045 3267 2224 3332 Aaaaemte
2266 3262 2322 3325 aar

537 3399 667 3460 sermm
711 3393 747 3454 aa
793 3389 902 3454 Pares.
935 3385 1133 3472 aa1740),
1173 3369 1314 3450 multo
1347 3379 1453 3454 aute
1485 3371 1632 3454 adhuc
1666 3395 1766 3456 usus
1799 3376 1909 3478 erat,
1943 3397 2073 3481 quam
2108 3369 2323 3450 Gonnum

539 3523 564 3578 a
598 3492 862 3604 quibusdam
896 3491 1190 3603 reprehensus
1223 3504 1352 3602 esset,
1385 3500 1509 3605 quod
1531 3521 1692 3612 nempe
1725 3522 1827 3582 acus
1860 3497 1955 3605 ejus
1971 3498 2113 3581 altero
2131 3489 2232 3577 line
2255 3491 2325 3574 in·

540 3629 738 3730 curvata,
770 3618 912 3702 altero
946 3626 1083 3724 recta,
1118 3617 1206 3703 iter
1238 3646 1362 3704 suum
1398 3651 1489 3705 non
1524 3623 1850 3708 convenienter
1883 3623 2082 3732 dirigere
2117 3632 2164 3706 et
2199 3619 2323 3704 insu·

540 3771 624 3860 per
655 3743 843 3859 ancipiti
877 3752 1008 3826 acuto
1041 3743 1166 3857 apice
1183 3748 1468 3859 pulmonibus
1485 3749 1616 3860 facile
1633 3749 1952 3835 detrimentum
1977 3746 2142 3834 afferre
2160 3755 2326 3862 posset.

606 3864 1015 3957 contaminanda
1048 3873 1185 3956 habet
1218 3885 1498 3960 curvaturam
1533 3886 1621 3961 tres
1653 3903 1778 3962 arcus
1811 3881 2080 3987 quadrantes
2114 3870 2328 3959 cl'lieien·

544 4009 648 4105 tem,
669 3989 733 4080 'in
766 3997 892 4104 cujus
923 4000 1243 4083 concavatione
1276 4002 1423 4088 sulcus
1456 4013 1537 4110 est,
1571 4002 1696 4109 inde,
1736 4003 1817 4088 ubi
1868 4004 2010 4116 cuspis
2058 3997 2328 4086 inflectitur

542 4123 765 4238 incipiens
800 4134 847 4206 ct
879 4149 1096 4210 assumens
1113 4123 1254 4213 l'ilum'.
1277 4126 1501 4212 Jnventor
1517 4129 1650 4214 huius
1667 4133 1769 4214 aeds
1786 4131 1974 4244 primum
1992 4134 2084 4213 duo
2102 4126 2329 4210 foramina

545 4251 588 4336 ci
624 4249 761 4336 inseri
792 4249 937 4359 jussit,
967 4261 1118 4363 postea
1152 4280 1259 4337 vero
1283 4255 1483 4362 unicum,
1518 4283 1655 4365 quum
1687 4255 1876 4340 alterum
1910 4282 2004 4338 non
2021 4259 2154 4340 modo
2172 4281 2329 4368 super-

544 4373 690 4458 lluum
724 4385 851 4483 esset,
884 4383 962 4461 sed
996 4405 1177 4488 quoque
1211 4380 1469 4490 chirurgum
1489 4381 1742 4494 impediret.
1764 4383 1828 4468 Ut
1845 4409 1952 4467 vero
1969 4409 2072 4467 acus
2089 4383 2190 4466 haec
2210 4409 2332 4465 corn-

545 4501 719 4586 modius
756 4503 935 4586 tractari
969 4505 1128 4617 possit,
1161 4516 1286 4589 recto
1320 4518 1369 4592 el
1399 4507 1532 4623 paulo
1565 4509 1760 4618 longiori
1809 4509 2042 4592 manubrio
2090 4509 2331 4624 praeditus

547 4639 625 4714 cst.
658 4627 811 4712 Primo
843 4629 894 4712 in
929 4631 1250 4740 integumentis
1283 4641 1331 4718 et
1363 4635 1570 4720 musculis
1587 4635 1946 4722 intereostalibua
1963 4640 2213 4722 secundum
2233 4638 2331 4718 lon·
2463 4669 2464 4682 Ν

544 4755 799 4868 gitudinrm
832 4767 1038 4867 apertura
1073 4755 1278 4842 facienda
1311 4767 1393 4866 eet,
1427 4761 1595 4844 deinde
1629 4764 1686 4844 ad
1718 4763 1989 4876 superiorem
2024 4775 2170 4850 costae
2198 4789 2330 4876 supc-

547 4881 677 4968 rioris
707 4883 952 4990 marginem
988 4885 1251 4994 transsigere
1283 4886 1483 5001 pleuram
1500 4897 1680 5002 oportet
1704 4899 1751 4971 et
1775 4890 1974 5000 denique
1993 4881 2210 4998 ita'juxta
2229 4917 2332 5004 pro·

546 5047 580 5140 ἰ)
609 5053 824 5120 Ganaucaor.
852 5047 875 5113 l.
904 5070 934 5114 c.
961 5051 1052 5116 Tom
1077 5055 1120 5115 11.
1145 5055 1271 5138 p377.
1304 5055 1397 5142 (Vm
1417 5056 1470 5120 Da
1497 5073 1540 5120 u
1564 5057 1657 5122 Far!
1672 5055 1709 5121 in
1737 5057 1829 5122 notis
1856 5053 1901 5124 ad
1916 5059 2038 5124 Diouis
2052 5059 2165 5126 Cours
2179 5055 2218 5124 tl’
2236 5059 2334 5146 Ope·
2463 5059 2464 5084 ¹

611 5153 752 5216 ratione.
767 5171 802 5239 p.
819 5167 904 5226 4²¹·

547 5255 588 5341 g)
615 5259 752 5340 teman,
781 5255 918 5340 p.451.
946 5251 1104 5362 Telau·
1131 5250 1197 5338 fig.
1227 5259 1270 5320 tt
