4960 6054
1055 435 1218 521 55,

192 660 423 774 propter
407 687 458 744 ιιι
491 685 611 772 equo
642 635 859 772 laesum,
843 687 894 746 ιιι
927 687 1093 772 equum
1125 663 1357 778 imponere
1390 667 1682 774 conabantur,
1715 693 1873 782 corpus
1894 669 1970 752 1ae
2054 691 2079 720 ··

193 792 305 872 dens
353 813 409 872 eo
456 792 592 876 morlo
635 783 772 874 facile
827 789 1013 883 extrahi
1060 817 1186 904 posse
1236 791 1560 898 existimantes.
1568 815 1767 913 (orsam.
1796 814 1874 881 oss
1876 827 1962 881 roos.

189 937 228 1004 de
260 935 454 1026 cttmrgraa
491 937 650 1025 organon
687 947 718 1004 es
757 935 987 1026 pacsano)
1020 911 1313 1004 Praeterea
1299 945 1349 1002 ιιι
1399 919 1559 1005 mersis
1608 902 1794 1026 duabus,
1841 919 1965 1002 inter

188 1063 235 1124 se
282 1051 405 1124 arcte
453 1067 545 1124 non
579 1041 760 1150 junctis,
809 1068 890 1155 per
940 1054 1236 1130 transversum
1284 1046 1347 1130 ita
1396 1024 1615 1155 aegrotum
1648 1071 1817 1158 ponere
1859 1047 1969 1138 sole·

187 1165 315 1276 bant,
365 1175 417 1250 ut
460 1169 626 1254 vulnus
654 1170 749 1276 ejus
783 1170 1027 1254 caderet
1013 1197 1064 1256 ru
1095 1171 1383 1254 intervallum
1391 1202 1407 1280 3
1441 1180 1568 1254 ‚tunc
1598 1173 1842 1256 volvebant
1875 1197 1966 1254 cor·

186 1318 270 1407 pus
302 1294 546 1401 vulnerati,
579 1295 722 1380 oculis
746 1297 1054 1406 observantes,
1087 1323 1239 1383 annon
1272 1304 1425 1384 denuo
1459 1325 1616 1411 corpus
1670 1297 1867 1392 alienum
1900 1317 1967 1380 ex

187 1445 253 1527 gr.
285 1422 423 1530 glans,
457 1432 594 1506 extra
626 1424 790 1510 vulnus
824 1450 1097 1535 quocunque
1129 1429 1262 1508 morlo
1292 1423 1465 1533 exiret,
1499 1423 1562 1531 id,
1596 1451 1746 1534 quum
1774 1422 1968 1506 animad-

186 1547 441 1657 vertissent,
473 1548 622 1634 statim
653 1547 855 1665 forcipe,
882 1552 1077 1659 hamulo,
1111 1553 1184 1638 vel
1223 1551 1408 1732 specillo
1442 1552 1687 1636 extrahere
1735 1548 1965 1658 adgredie·
2083 1585 2089 1592 ·

185 1667 478 1760 tanturn.
1885 1713 1889 1722 ·

222 1795 314 1882 ·At
347 1800 474 1886 malae
507 1785 718 1912 sequelae,
751 1800 849 1890 fere
881 1829 1053 1918 semper
1084 1831 1185 1890 cum
1218 1805 1301 1888 hac
1333 1741 1533 1894 violenta
1569 1801 1790 1887 tractandi
1831 1799 1964 1884 ratio'·

124 1995 132 2004 .
183 1950 246 2010 ne
279 1927 552 2034 conjunctae,
585 1957 673 2038 qua
708 1938 856 2013 totum
883 1959 1059 2044 corpus,
1097 1931 1304 2044 inprimis
1341 1957 1449 2022 vero
1482 1941 1637 2044 pectus
1685 1927 1963 2034 concutitur,

184 2051 348 2146 merito
382 2052 566 2164 quidem
598 2081 692 2141 eam
733 2055 944 2142 omittere
993 2068 1253 2168 coegerunt.
1302 2056 1604 2140 Nihilominus
1651 2063 1803 2140 tamen
1853 2052 1963 2136 situs

185 2178 397 2291 corporis,
415 2182 473 2263 ad
506 2206 664 2294 corpus
695 2181 891 2266 alienum
926 2208 953 2268 c
982 2195 1167 2297 pectore
1199 2186 1510 2291 amovendum,
1527 2183 1716 2267 multum
1732 2175 1854 2263 facit.
1874 2179 1968 2265 Due

183 2295 363 2388 cannah)
396 2311 675 2391 commendat
707 2333 878 2421 semper
911 2320 1129 2430 aegrotum
1162 2311 1225 2394 ita
1259 2311 1493 2418 collocare,
1526 2318 1579 2391 ut
1600 2304 1782 2390 vulneri
1799 2332 1877 2390 suo
1895 2303 1967 2386 in-.

185 2431 379 2539 cumbet,
412 2437 661 2542 eodemque
694 2433 782 2518 situ
823 2423 1092 2543 deligationi
1132 2461 1225 2521 sese
1272 2437 1485 2552 praebeat.
1534 2431 1750 2520 Ceterum
1797 2425 1980 2514 acura'

180 2561 231 2640 et
278 2556 539 2668 cognitione
589 2558 791 2669 chirurgi
838 2562 1032 2673 pendet,
1065 2586 1092 2645 e
1140 2561 1231 2646 situ
1271 2561 1468 2675 corporis
1506 2561 1734 2643 commodo
1768 2581 1959 2642 necessa·

184 2680 301 2764 rium
342 2680 447 2767 sibi
462 2682 707 2770 subsidium
755 2703 925 2800 parare,
958 2687 1145 2772 aliarum
1191 2711 1300 2775 vero
1349 2683 1564 2774 medendi
1610 2683 1835 2773 rationum
1868 2679 1957 2788 vim

179 2818 417 2962 propterea
448 2836 543 2896 non
564 2811 820 2924 negligere.
1272 2843 1274 2850 ’

985 2941 1023 3066 ,§
1064 2941 1137 3028 51.

244 3093 319 3218 B.)
351 3099 633 3188 Inmemores
665 3103 842 3218 corpori
875 3115 1047 3188 remoto
1086 3108 1145 3188 ad
1176 3103 1404 3190 orificium
1436 3081 1638 3190 vulneris
1670 3101 1853 3216 propius
1885 3103 1957 3185 ad·

176 3227 389 3314 ducendo
431 3239 478 3315 et
510 3227 687 3319 facilius
715 3231 1033 3336 extrahendo,
1067 3229 1286 3318 inservire
1335 3258 1459 3346 posse
1508 3226 1736 3315 videntur.
1764 3227 1958 3310 -Harum

177 3353 268 3437 vim
299 3353 354 3438 in
384 3357 579 3469 pectoris
611 3355 801 3440 vulnere
834 3357 1020 3440 noxiam
1053 3383 1145 3442 esse
1177 3367 1282 3442 ante
1317 3376 1352 3464 (ς
1385 3379 1451 3466 ¹7)
1479 3355 1685 3454 vidimus.
1717 3353 1849 3438 Nunc
1898 3356 1958 3438 de

122 3583 128 3593 ι
176 3475 404 3592 liquo'rum
437 3481 788 3590 injiciendorum
820 3507 1079 3590 quacrraru
1112 3493 1172 3583 etx
1192 3507 1257 3590 vr,
1290 3511 1379 3593 qua
1412 3509 1482 3570 eas
1505 3482 1722 3566 adhihere
1741 3481 1867 3590 licet,
1884 3481 1959 3561 ad·

178 3609 289 3694 dere
321 3610 543 3694 nonnulla
575 3635 681 3697 ere
713 3608 1031 3696 existimamus.
1063 3609 1159 3697 Jam
1175 3637 1304 3723 supra
1321 3607 1587 3718 monuimus,
1602 3609 1872 3722 plerumque
1890 3631 1955 3690 ex

177 3731 502 3842 injectionibus
534 3736 711 3846 aliquid
743 3733 794 3818 in
825 3737 1020 3852 pectoris
1053 3735 1245 3820 cavitate
1278 3760 1525 3844 remanere,
1557 3736 1681 3818 unde
1696 3741 1844 3850 partes
1861 3756 1957 3817 aen·
2068 3737 2072 3744 “

175 3859 412 3972 nihiliores,
444 3890 553 4002 quas
585 3864 678 3946 illae
710 3861 971 3970 attigerant,
1004 3859 1137 3946 facile
1168 3862 1411 3947 irritentur
1444 3871 1491 3944 et
1524 3855 1667 3972 gravis
1703 3857 1848 3966 tussis,
1889 3855 1957 3939 in

175 3983 435 4097 flammatio,
451 3978 611 4098 his'que
645 3988 804 4074 similia'
834 3988 1119 4112 proveniant.
1152 3983 1276 4102 Opus
1309 3987 1562 4098 igiturest,
1601 4009 1696 4066 non
1736 3983 1845 4068 alios
1877 3984 1955 4066 hic

175 4111 375 4222 liquores
408 4141 490 4227 pro
524 4113 849 4222 injectionibus
881 4107 1137 4224 admittere,
1170 4141 1301 4224 quam
1335 4111 1611 4218 blandiores,
1660 4107 1707 4191 vi
1741 4099 1954 4193 irritante
2056 4169 2059 4176 ,

173 4240 429 4347 destitut0s3
454 4240 625 4350 quibus
656 4268 765 4327 vero
797 4241 1002 4330 omnibus
1027 4239 1221 4356 tepidam
1238 4267 1411 4356 aquam,
1443 4239 1517 4324 vel
1534 4235 1653 4322 forte
1670 4261 1770 4319 cum
1786 4227 1956 4320 Brmst)
2055 4343 2059 4354 Ι

171 4365 258 4475 lac,
275 4378 515 4480 antepono.
546 4365 741 4454 Tantum
772 4393 881 4452 vero
913 4370 1052 4477 abest,
1086 4379 1138 4452 ut
1170 4367 1240 4451 his
1273 4391 1455 4478 quoque
1487 4361 1769 4474 frequenter,
1801 4360 1956 4448 diuet
2049 4418 2055 4426 -

176 4493 223 4576 vi
256 4495 479 4606 quandam
512 4493 582 4577 uti
629 4493 932 4608 permittatur,
964 4504 1019 4578 ut
1049 4495 1214 4608 potius,
1247 4503 1465 4638 quantum
1498 4489 1604 4575 fieri
1628 4497 1789 4605 potest,
1824 4485 1954 4571 brevi

177 4627 375 4732 tempore
409 4646 460 4705 ea
492 4619 712 4708 adhihere
731 4633 778 4710 et
809 4620 937 4707 nulla
967 4621 1014 4708 vi
1046 4622 1244 4742 admissa,
1275 4619 1369 4737 ipsa
1402 4617 1528 4734 quasi
1555 4615 1791 4726 instillare,
1808 4613 1953 4730 aptius

174 4769 267 4832 esse
299 4759 573 4860 putemus..

171 5047 213 5132 g)
242 5049 276 5110 t.
305 5049 427 5113 Borar.
455 5068 484 5114 ι.
511 5069 542 5118 c.
571 5071 605 5138 p.
623 5049 758 5116 sss-A.
787 5051 902 5116 Fruar.
929 5069 959 5116 ι.
987 5067 1018 5116 c.
1047 5049 1149 5137 p.55
1176 5055 1310 5138 etseq:

172 5143 213 5234 lt)
242 5151 406 5216 Dasium.
426 5147 594 5240 'Clinique
621 5161 778 5222 extunc.
806 5169 836 5222 t.
863 5173 893 5221 c.
921 5153 1021 5223 'lona
1048 5155 1092 5222 11.
1115 5170 1152 5242 p.
1171 5155 1252 5218 aro.

171 5249 200 5342 i)
224 5251 382 5322 Ηιιι.
411 5272 439 5319 ι.
467 5272 498 5320 c.
524 5273 560 5346 p.
578 5257 659 5360 δη
703 5291 711 5312 ι
