4942 6048
1289 443 1293 452 ⁸
1384 475 1473 574 124

532 711 763 807 commota,
797 724 892 782 non
925 722 1024 782 raro
1037 695 1244 780 obscura
1277 701 1498 808 quaedam,
1523 703 1660 805 atque
1694 719 1823 780 rauca
1842 689 2204 808 deprehenditur
2227 717 2325 777 cre·

531 828 710 942 pitatio,
743 854 875 936 quam
909 851 1026 940 saepe
1059 835 1267 935 aegrotus,
1302 824 1376 908 vel
1410 825 1533 908 inter
1565 821 1844 908 laesionem
1831 847 1964 936 ipsam
1998 821 2207 936 percipit.
2224 819 2321 904 Hic

531 955 654 1039 enim
686 953 808 1039 inter
845 940 1194 1064 fragmentorum
1243 953 1563 1060 secessionem,
1613 950 1694 1033 ubi
1743 952 1842 1033 haec'
1890 947 2024 1034 attius
2075 947 2322 1032 introrsum

531 1092 629 1165 acta
646 1093 783 1192 sunt
806 1082 892 1166 iam
924 1107 1006 1194 per
1039 1107 1100 1189 se,
1133 1077 1266 1222 magis
1299 1106 1406 1163 vero
1440 1107 1541 1162 cum
1574 1074 1792 1161 fructurae
1824 1077 1947 1161 locus
1984 1075 2320 1218 tangitur,acu·

534 1217 628 1292 tum
661 1213 799 1295 sentit
834 1209 1048 1315 dolorem,
1083 1206 1162 1316 qui
1196 1206 1319 1288 inter
1351 1204 1691 1320 inspirationem
1723 1203 1948 1314 longam'
1934 1229 2138 1317 1npr1m1s
2155 1213 2202 1286 et
2220 1229 2322 1316 pro

529 1332 715 1466 fundam
748 1347 950 1447 augetur.
984 1333 1212 1418 Molestum
1254 1333 1591 1446 respirationem
1649 1331 1827 1446 excipit
1877 1330 2118 1414 coarctatio
2167 1339 2321 1444 pecto·

423 1459 427 1466 ’
473 1498 481 1515 ·
529 1461 623 1572 ris,
656 1446 957 1546 irritationem
1006 1486 1114 1545 vero
1155 1460 1416 1576 pulmonum
1449 1463 1504 1544 ab
1538 1461 1699 1546 ossium
1748 1455 2116 1542 extremitatibus
2163 1453 2320 1540 fractis

528 1593 791 1733 productam
840 1587 1046 1701 sequitur
1093 1590 1275 1672 molesta
1327 1589 1475 1698 tussis,
1525 1615 1656 1698 quam
1704 1589 1970 1700 plerumque
2022 1582 2187 1668 eiectio
2220 1611 2319 1727 spu-

529 1717 639 1802 mosi
689 1716 914 1826 sanguinis
965 1741 1047 1831 per
1094 1742 1141 1800 os
1192 1715 1445 1824 comitatur,
1495 1715 1531 1802 si
1573 1717 1803 1828 pulmones
1838 1713 1931 1798 laesi
1966 1725 2086 1818 stant,
2118 1712 2261 1794 ''vel
2247 1737 2319 1794 rn-

521 1853 601 1940 ter
632 1844 877 1953 laesionem,
909 1852 988 1926 aut
1022 1842 1155 1927 etiam
1187 1843 1438 1957 postillam
1490 1843 1731 1928 vehemens
1767 1839 1957 1926 thoracis
2007 1838 2318 1954 conquassatio

528 1965 804 2090 (commotio)
837 1971 985 2054 locum
1036 1970 1209 2056 habuit.
1246 1967 1295 2057 Si
1328 1970 1642 2054 extremitates
1689 1963 1916 2082 perfracti
1939 1965 2042 2052 ossis
2090 1965 2317 2048 naturalia

528 2096 643 2180 atiris
677 2097 958 2212 receptacula
991 2097 1042 2180 in
1075 2116 1265 2211 corpore
1296 2095 1561 2211 aperierunt
1595 2107 1642 2181 et
1674 2100 1751 2180 adr
1784 2121 1848 2180 ex
1882 2093 1972 2178 illis
2010 2103 2195 2206 eruptus
2235 2093 2313 2176 im·

524 2223 722 2310 mediate
757 2220 870 2310 foras
902 2249 998 2308 non
1031 2223 1169 2332 exiit,
1210 2223 1358 2307 oritur
1407 2221 1692 2340 emphysema
1725 2221 1902 2308 maioris
1936 2219 2176 2304 minorisve
2226 2247 2316 2302 mo-
2454 2207 2455 2212 Ν

526 2348 670 2432 menti
690 2368 726 2456 (t
760 2371 828 2436 ιιι
856 2379 892 2436 ιι
919 2372 1012 2458 seq).
1047 2349 1295 2436 Laesionem
1317 2342 1352 2434 ‘a
1401 2363 1621 2438 costarum
1671 2347 1866 2434 fractura
1902 2357 2316 2458 ortamsequuntur

526 2477 888 2590 perturbationes
919 2477 1086 2590 pulsus,
1120 2476 1200 2587 qui
1233 2476 1490 2589 irregularis
1524 2489 1572 2563 et
1602 2504 1763 2594 parvus
1782 2472 1866 2578 fit.
1903 2483 1905 2490 ’

1335 2661 1361 2775 S
1399 2669 1532 2802 124,

593 2865 861 2979 Quanquam
895 2865 948 2952 in
979 2861 1239 2954 universum
1272 2863 1394 2953 haud
1426 2865 1622 2954 difficile
1665 2868 1724 2980 sit
1762 2867 2042 2983 praesentiam
2094 2875 2313 2952 costarum

525 2985 739 3078 fracturae
787 2993 1057 3108 perspicere,
1074 2984 1304 3080 in'terdum
1340 3007 1486 3080 tamen
1520 2996 1740 3106 diagnosis
1775 2995 1926 3080 multis
1959 2991 2313 3079 difficultatibus

523 3120 758 3233 premitur.
776 3120 876 3205 Hoc
893 3121 1122 3235 praecipue
1147 3121 1329 3230 accidit,
1363 3127 1544 3234 quando
1561 3120 1756 3209 fractura
1773 3121 1876 3208 ossis
1908 3148 2047 3237 prope
2081 3121 2315 3204 vertebras
2454 3205 2455 3232 ,

523 3245 672 3330 locum
688 3249 842 3354 babet,
864 3247 944 3330 ubi
962 3250 1151 3332 musculi
1173 3247 1441 3364 impediunt,
1461 3249 1698 3360 quominus
1733 3247 1978 3358 fragmenta
2011 3257 2219 3332 accurate
2251 3255 2314 3330 at·

525 3381 793 3458 tractentur.
845 3371 1066 3461 Similiter
1099 3379 1380 3490 emphysema
1413 3375 1626 3486 gravioris
1659 3375 1874 3462 momenti
1906 3402 2001 3458 non
2025 3376 2163 3460 solum
2188 3373 2313 3459 inda·

458 3598 460 3609 Ι
523 3499 751 3607 gationem
799 3499 934 3613 ipsam
975 3497 1282 3612 difficiliorem
1305 3507 1512 3611 reddere,
1546 3529 1697 3586 verum
1723 3497 1857 3586 ctiam
1889 3504 2036 3586 minus
2085 3510 2311 3585 attentum

524 3625 783 3734 chirurgum
816 3625 866 3709 in
901 3653 1000 3710 eum
1043 3653 1237 3712 errorem
1273 3633 1440 3722 ducere
1473 3639 1635 3742 potest,
1653 3640 1705 3713 ut
1721 3633 1920 3714 obtusam
1947 3627 2308 3744 crepitationem,

523 3777 627 3860 quae
661 3752 785 3834 inter
819 3753 1000 3838 tumoris
1034 3755 1393 3847 attrectationem
1426 3755 1709 3869 percipitur,
1729 3782 1962 3870 perperam
2011 3784 2092 3870 pro
2148 3765 2308 3838 mutuo

520 3902 614 3964 sese
648 3880 1022 3967 commoventium
1056 3881 1407 3992 fragmentorum
1439 3881 1545 3968 ossis
1577 3882 1770 3969 stndore
1787 3884 1992 3968 excitato
2009 3883 2185 3970 habeat
2204 3883 2309 3964 Duo

521 4009 732 4120 exempla
765 4017 982 4092 costarum
1015 4006 1242 4117 fracturae,
1276 4037 1530 4154 quanquam
1563 4036 1657 4092 non
1692 4037 1717 4094 e
1751 4010 2095 4123 penetrantibus
2110 4007 2309 4124 pectoris

520 4133 784 4218 vulneribus
815 4145 944 4241 ortae,
982 4145 1129 4220 tamen
1163 4138 1366 4249 superius
1398 4137 1520 4221 dicta
1554 4136 1903 4250 comprobantia,
1922 4139 1997 4222 hic
2015 4137 2198 4221 locum
2184 4160 2307 4218 ruve-

517 4258 668 4346 niunt.
701 4257 902 4344 Primum
936 4263 1132 4348 exhibet
1165 4263 1372 4354 carmos
1414 4284 1474 4372 (ιι.
1504 4283 1545 4352 ιι.
1574 4285 1739 4350 ceruos
1767 4283 1933 4374 Pushang.
1952 4285 2086 4350 varam
2118 4287 2185 4350 ιιι
2211 4285 2273 4352 ιιι
2275 4283 2307 4348 ι

491 4405 598 4492 ,aava
639 4411 674 4471 in
700 4410 759 4474 der
792 4407 1128 4498 Wundcrzueyhunst.
1155 4433 1190 4478 α.
1217 4413 1251 4478 d.
1278 4411 1379 4500 Eogt.
1408 4413 1441 4475 8.
1469 4417 1549 4477 mul.
1582 4413 1731 4498 r7do.p.
1759 4411 1783 4475 5
1810 4409 1945 4496 etseq.)
1979 4389 2060 4472 ub1
2109 4387 2305 4471 fractum

515 4513 574 4592 ad
608 4513 845 4596 secundam
884 4523 943 4598 et<
968 4515 1143 4598 tertiam
1178 4525 1338 4599 costam
1371 4515 1779 4624 obveniens,·duos
1811 4515 1978 4634 aspinf
2012 4515 2302 4614 dorsitrans

515 4660 663 4721 versos
696 4637 859 4748 digitos
891 4642 980 4724 lata
1013 4638 1275 4725 fuitetnon
1294 4641 1381 4727 nisi
1398 4667 1480 4755 per
1512 4643 1754 4758 autopsiam
1787 4640 1839 4728 in
1872 4649 2088 4730 cadavere
2122 4648 2303 4728 detecta

515 4771 595 4849 eat.
628 4762 785 4848 Alium
819 4777 978 4851 notatu
1012 4767 1197 4876 dignum
1232 4795 1374 4854 casum
1408 4795 1433 4864 a
1465 4796 1536 4876 me
1568 4772 1865 4876 observatum,
1907 4769 1956 4854 in
2006 4765 2301 4882 sequentibus

522 4909 575 4997 (55
609 4911 785 4998 ¹47·¹4s)
814 4891 952 4976 fusius
985 4895 1191 5008 exposui.
1224 4895 1373 4982 Costae
1407 4905 1577 5005 octava,
1609 4925 1744 5008 nona,
1777 4896 1948 4983 decima
1984 4899 2027 4982 da
2062 4896 2300 4984 undecima

514 5009 613 5099 fere
647 5016 781 5099 iuxta
815 5044 965 5102 earum
999 5021 1294 5106 insertionem
1308 5023 1357 5107 in
1376 5024 1625 5110 columnam
1642 5025 1939 5114 vertebralem
1964 5023 2028 5110 ita
2062 5027 2299 5139 perfractae

386 5221 391 5232 ,
513 5153 659 5251 crant,
692 5155 745 5226 ut
778 5144 899 5227 omni
935 5147 1074 5254 dubio
1108 5151 1264 5261 procul
1299 5150 1500 5235 existere
1533 5151 1768 5236 videretur
1819 5163 2037 5238 costarum
2087 5151 2299 5264 fractura,

516 5275 665 5357 tamen
696 5273 914 5360 obductio
947 5274 1220 5368 solummodo
1245 5303 1393 5365 veram
1424 5277 1492 5404 rei
1526 5279 1833 5370 conditionem
1865 5280 2096 5400 patefecit.
