4960 6054
360 579 1768 702 vinornarnn‘usras.

683 934 776 996 Ac
841 932 1385 996 nocwlsslmo

681 1206 1012 1285 IOANNI
1071 1208 1385 1284 BUSCH.

131 1501 170 1575 S.
203 1499 256 1577 M.
290 1497 332 1578 Ο.
355 1525 403 1577 ·a
452 1495 635 1584 consiliis,
662 1509 797 1592 status,
847 1497 982 1576 Ordin.
1030 1499 1148 1610 IMPJ
1181 1499 1233 1608 δ’.
1265 1501 1393 1578 Annae
1424 1503 1498 1578 11⁸·
1531 1517 1572 1582 et
1617 1501 1667 1581 δ’.
1704 1503 1922 1586 Wlodimir.
2056 1592 2077 1611 ,ι
2124 1581 2128 1588 .

133 1643 302 1734 IVc'cl.
351 1659 492 1760 Equiti,
520 1659 683 1736 Doctori
715 1659 938 1740 Medicinae
983 1669 1023 1732 et
1057 1657 1295 1756 Chirurgiae5
1345 1657 1580 1746 Academico
1627 1676 1668 1742 ea
1700 1665 1919 1744 Professori

131 1811 350 1917 Chirurgiae
369 1829 411 1894 et
443 1815 580 1894 Clinici
611 1816 816 1914 chirurgici
845 1819 885 1889 in
917 1811 1126 1892 Caesarea
1156 1818 1541 1919 medico-chirurgica
1570 1818 1777 1902 Academia
1796 1823 1838 1900 P.
1870 1822 1918 1899 0.

539 1974 783 2077 pluriumque
814 1973 1053 2054 Sceleratum
1082 1973 1353 2052 litterariarum
1383 1979 1523 2054 sodali.
1659 2008 1662 2042 :

963 2261 1014 2336 S.
1042 2261 1085 2338 Ρ.

192 3109 346 3212 Quum
378 3117 548 3220 septem
584 3105 765 3189 ,abhinc
813 3101 941 3220 annis
974 3103 1250 3216 etamplius
1298 3104 1610 3218 praeterlapsis,
1657 3107 1945 3196 studiorum⁴
2086 3167 2095 3188 .

128 3255 326 3323 meorum
362 3231 593 3316 curriculo
620 3229 759 3314 linito
793 3239 838 3310 et
871 3209 994 3313 inter
1026 3229 1221 3316 medicos
1254 3235 1395 3338 gradu
1427 3235 1659 3319 decoratos
1700 3232 1788 3318 iam
1840 3261 1908 3322 res

125 3375 296 3478 ceptus,
313 3361 479 3444 itinera
513 3356 705 3443 iacerem
738 3354 915 3440 maioris
947 3355 998 3438 in
1032 3365 1128 3440 arte
1160 3357 1333 3443 medica
1367 3357 1639 3446 eruditionis
1655 3387 1908 3475 comparan-

128 3495 201 3575 dae
236 3515 378 3618 causa,
411 3483 647 3598 Petropoli
669 3476 828 3568 etiam
849 3481 1135 3568 Carissanum
1164 3482 1626 3595 medico-chirurgicse
1641 3483 1904 3602 Academiae

124 3597 385 3702 institutum
419 3611 649 3718 clinicum,
683 3615 806 3721 quod
837 3606 951 3716 Tuo,
985 3609 1055 3694 vir
1087 3609 1276 3698 illustris
1306 3619 1443 3722 atque
1460 3613 1727 3722 doctissime,
1745 3595 1904 3725 ductu,

123 3743 320 3855 Tumque
352 3740 574 3826 industria
606 3737 801 3824 nominis
834 3735 1143 3822 celebritatem
1175 3739 1339 3830 merito
1371 3765 1449 3824 suo
1483 3743 1696 3854 adeptum
1729 3753 1795 3828 est
1817 3739 1903 3830 ire·

124 3869 355 3984 quentavi.
388 3869 479 3954 Hic
513 3868 697 3979 quidem
728 3865 840 3978 mihi
874 3864 1065 3978 primum
1100 3866 1268 3976 obtigit
1304 3877 1389 3950 tam
1423 3867 1601 3954 lelicem
1620 3895 1730 3978 esse,
1746 3879 1799 3954 ut
1816 3897 1902 3956 sm·

123 4000 322 4110 gularem
353 3998 490 4083 Τιιιιιι
523 3997 717 4082 savorem
750 3993 862 4078 mihi
897 3992 1190 4092 consiliarem.
1226 3995 1307 4078 Ex
1342 4019 1396 4080 eo
1429 3990 1580 4082 autem
1600 4007 1798 4112 tempore
1816 3995 1901 4084 fae
2020 4101 2031 4116 ι

127 4138 219 4210 tum
254 4137 335 4232 est,
368 4136 421 4207 ut
455 4151 546 4233 quo
577 4120 717 4231 magis
745 4119 848 4203 Τιιι
881 4119 1224 4228 innotescerem,
1257 4120 1325 4208 Τιι
1361 4149 1542 4232 quoque
1566 4151 1637 4210 me
1670 4125 1720 4208 in
1752 4125 1933 4208 amici-⁸

127 4253 231 4336 tiam
262 4252 402 4336 Tuam
443 4249 718 4354 admitteres,
750 4256 1041 4357 nostrumque
1074 4247 1238 4331 amoris
1266 4250 1410 4332 mutui
1453 4249 1684 4334 vinculum
1733 4250 1899 4336 arctius

122 4380 173 4462 in
208 4380 303 4464 dies
336 4379 427 4464 sese
463 4377 763 4460 contraheret.
796 4373 937 4458 Tanta
972 4399 1079 4472 vero
1112 4383 1216 4458 sunt
1248 4373 1345 4457 Tua
1378 4376 1661 4484 singularis
1647 4405 1696 4459 ιιι
1730 4375 1799 4460 nie
1824 4379 1899 4462 be·

16 4533 26 4552 ·
121 4505 400 4590 nevolentiae
433 4497 717 4608 documenta,
749 4509 801 4582 ut
835 4499 1104 4611 quicquid
1088 4528 1139 4583 ιιι
1172 4501 1398 4586 Medicina
1430 4502 1715 4624 prolecerim,
1755 4503 1898 4587 maxi·

120 4659 190 4716 ma
224 4659 288 4718 ex
320 4643 448 4746 parte
479 4629 577 4711 Tim
609 4629 745 4712 unice
778 4653 848 4712 me
881 4627 1097 4711 debere
1083 4653 1282 4736 lngenue
1322 4625 1550 4748 profitear
1582 4610 1653 4713 Tm
1684 4631 1896 4715 nimirum

121 4771 374 4874 praeeunte,
407 4755 711 4874 praeceptoris,
742 4753 891 4861 amici,
923 4751 1198 4864 fautorisque
1231 4766 1378 4868 partes
1410 4771 1537 4840 recte
1570 4757 1908 4878 remunerere
2031 4773 2039 4797 ⁸

122 4887 366 4996 vererique
395 4885 468 5000 pia
502 4892 715 4996 grataque
748 4893 901 4968 mente
932 4880 1147 4995 primum
1157 4881 1370 4967 addidici.
1404 4881 1473 4968 Tu
1506 4883 1615 4966 mihi
1650 4909 1797 4971 suasor
1820 4889 1894 4970 ad·
1983 4935 2021 4974 ·.

121 5015 415 5124 hortatorque
449 5009 662 5115 exististi,
681 5021 734 5094 ut
750 5009 827 5094 has
842 5033 956 5094 ineas
973 5007 1309 5120 disquisitiones
1326 5013 1384 5094 de
1418 5008 1681 5096 vulneribus
1697 5010 1893 5127 pectoris

120 5139 464 5253 penetrantibus
497 5135 663 5224 litteris
696 5138 949 5224 mandarem
981 5138 1200 5250 preloque
1233 5135 1570 5223 committerem.
1606 5137 1731 5239 Quid
1751 5139 1892 5246 igitur

122 5268 289 5376 gratius
310 5265 625 5382 acceptiusque
643 5263 753 5350 mihi
787 5265 973 5360 evenire
1003 5274 1166 5380 potest,
1201 5291 1332 5375 quam
1367 5267 1539 5350 easdem
1572 5263 1670 5347 Τιιιι
1703 5265 1886 5373 olfene,
