4960 6054
614 627 956 730 CAPUT
1018 621 1431 722 PRIMUM

453 919 537 1024 Du
569 957 914 1026 vuuuuutsus
947 958 1217 1023 racuonrs
1251 915 1588 1022 cuusnnrrn.

862 1187 1205 1208 Ἥ

969 1395 1080 1512 ps.

746 1561 1227 1631 cammaro.

149 1703 152 1710 “
194 1697 377 1812 Vulnus
408 1692 604 1815 pectoris
652 1699 719 1788 est
751 1729 883 1790 omne
916 1701 1094 1810 vulnus,
1128 1725 1402 1811 quocunque
1436 1703 1568 1800 modo
1601 1665 1650 1788 et
1689 1699 1930 1814 qualicun-⁴

130 1828 509 2046 pitssesstlipplglcgone
540 1827 742 1946 partibus
772 1827 968 1947 pectoris
1018 1824 1256 1916 cavitatem
1280 1823 1591 1918 efficientibus
1615 1841 1694 1918 aut
1710 1829 1919 1918 cainclu·
1992 1967 1995 1973 Δ

968 2119 1080 2234 os.

873 2280 1181 2349 navasse

199 2425 497 2541 Praecipuum
531 2425 771 2509 vulnerum
792 2419 999 2532 pectoris
1032 2420 1274 2508 discrimen
1306 2420 1479 2538 pendet
1494 2423 1549 2510 ab
1583 2426 1830 2513 anatomica
1848 2429 1922 2514 de·
2006 2512 2012 2542 Ρ

135 2546 375 2656 finitione,
399 2561 553 2630 utrum
586 2545 750 2629 vulnus
783 2545 1039 2634 exteriores
1073 2553 1302 2634 duntaxat
1332 2563 1480 2664 partes
1512 2553 1708 2664 laeserit,
1743 2554 1793 2639 in
1830 2555 1923 2636 tho·

134 2677 247 2766 racis
264 2675 436 2798 'cauum
466 2699 563 2758 non
594 2677 893 2788 penetrando,
925 2701 983 2759 an
1017 2676 1254 2764 cavitatem
1270 2674 1393 2762 illam
1408 2675 1690 2792 patefecerit.
1716 2679 1841 2765 Hinc
1858 2677 1923 2765 di·

137 2807 446 2917 stinguuntur:
465 2858 471 2868 ·

166 2933 168 2944 '
202 2931 245 3016 1⁰
280 2929 511 3020 Vuunnnn
542 2946 750 3013 onerosus
783 2951 1014 3038 exameron,
1046 2955 1130 3013 nou
1162 2951 1472 3017 emeritanus
1505 2958 1535 3019 s.
1569 2956 1781 3022 vacuans
1820 2957 1926 3018 sun-

134 3073 247 3208 *mun
280 3078 442 3144 sacrus
474 3079 793 3142 ccurmmtrmu
826 3075 970 3163 (lutros.
998 3075 1015 3161 ς
1044 3073 1108 3162 V),

143 3182 275 3270 '⁰11
297 3182 529 3273 Vetanus
563 3205 783 3268 eumcum
814 3197 1151 3346 emmaum,
1186 3175 1300 3293 quae
1334 3181 1385 3270 in
1419 3183 1653 3272 cavitatem
1687 3183 1823 3320 ipsam
1852 3207 1929 3304 pe·

141 3313 277 3400 cteris
309 3319 564 3425 penetrant

205 3439 466 3529 Secundum
500 3460 665 3548 genera
699 3434 1113 3544 instrumentorum,
1148 3431 1311 3546 quibus
1339 3433 1619 3548 infliguntur
1635 3439 1823 3526 vuln'er'a
1855 3463 2023 3600 pe·

141 3567 294 3676 cteris,
327 3567 486 3651 codem
518 3567 650 3647 modo
684 3591 734 3648 ac
768 3563 957 3648 aliarum
989 3562 1184 3676 partium
1204 3562 1393 3650 vulnera
1410 3563 1629 3680 distingui
1646 3578 1928 3684 possunt,m.

142 3713 298 3806 ciust,
332 3709 508 3779 eunom
542 3699 590 3778 et
622 3709 934 3777 senosanam
974 3683 1018 3776 ⁸.)

856 3975 866 3988 ,
969 3857 1096 3972 85.

813 4029 1274 4124 Baiocassi&

205 4183 415 4274 Pectoris
447 4183 635 4268 Vulnera
667 4183 790 4266 haud
818 4208 917 4264 raro
952 4180 1001 4263 in
1034 4179 1169 4294 praxi
1204 4174 1457 4291 chirurgica
1490 4191 1749 4272 occurrunt.
1782 4181 1932 4298 quue

147 4313 262 4400 mihi
294 4310 490 4398 maxime
522 4318 761 4426 propterea
792 4304 898 4393 fieri
931 4307 1129 4416 videtur,
1163 4312 1288 4418 quod
1319 4307 1454 4391 altior
1489 4308 1680 4395 thoracis
1730 4309 1837 4398 situs
1886 4323 1935 4399 et

150 4429 433 4556 organorum,
467 4463 581 4552 quae
614 4434 901 4549 amplectitur
932 4427 1137 4546 grauitas,
1160 4461 1266 4548 prae
1292 4433 1453 4520 ceteris
1486 4437 1603 4520 hanc
1620 4437 1816 4553 corporis
1839 4466 1935 4553 par·

153 4580 243 4656 tem
274 4567 463 4657 laesioni
479 4563 726 4652 obnoxiam
759 4565 966 4648 reddant.
999 4559 1102 4646 Non
1135 4559 1267 4646 aliam
1299 4561 1421 4648 enim
1455 4565 1513 4647 ob
1532 4591 1702 4649 causam
1719 4564 1933 4675 suicidae,

149 4695 324 4806 quique
354 4696 545 4780 aliorum
576 4692 698 4778 vitae
730 4688 1019 4797 insidiantur,
1055 4687 1290 4776 consilium
1323 4714 1449 4774 suurn
1483 4692 1783 4801 exsequuturi
1821 4703 1868 4777 et
1884 4691 1935 4777 in

150 4822 458 4938 monomachia
491 4832 539 4908 et
571 4819 621 4905 in
655 4817 778 4906 bello
810 4819 869 4903 ad
903 4815 1137 4904 caritatem
1169 4815 1364 4934 pectoris
1397 4817 1658 4933 pertingere
1691 4823 1889 4907 student.

155 5143 193 5232 a)
221 5141 397 5206 smum.
411 5131 597 5205 Lehrbuch
623 5133 688 5201 der
714 5125 982 5219 chirurgischen
1010 5131 1255 5224 operationem
1285 5128 1497 5200 Uebersetat
1524 5148 1596 5200 von
1631 5133 1776 5217 Borges.
1805 5132 1846 5200 8⁰
1873 5131 1938 5196 Be-

231 5239 298 5311 τοι
332 5245 438 5328 ι798.
466 5244 567 5313 'roim
595 5243 639 5306 Π.
668 5259 704 5326 Ρ.
724 5259 808 5325 229.
1805 5331 1831 5388 ᾔ
