<?xml version="1.0" encoding="UTF-8"?>
<!DOCTYPE html PUBLIC "-//W3C//DTD XHTML 1.0 Transitional//EN"
    "http://www.w3.org/TR/xhtml1/DTD/xhtml1-transitional.dtd">
<html xmlns="http://www.w3.org/1999/xhtml" xml:lang="en" lang="en">
 <head>
  <title>
</title>
<meta http-equiv="Content-Type" content="text/html;charset=utf-8" />
  <meta name='ocr-system' content='tesseract 3.04.00' />
  <meta name='ocr-capabilities' content='ocr_page ocr_carea ocr_par ocr_line ocrx_word'/>
</head>
<body>
  <div class='ocr_page' id='page_1' title='image "./tractatusdevuln00mayegoog_0149.png"; bbox 0 0 4942 6048; ppageno 0'>
   <div class='ocr_carea' id='block_1_1' title="bbox 328 402 2455 5044">
    <p class='ocr_par' dir='ltr' id='par_1_1' title="bbox 459 402 2455 872">
     <span class='ocr_line' id='line_1_1' title="bbox 1359 402 1445 521; baseline 0 -39"><span class='ocrx_word' id='word_1_1' title='bbox 1359 402 1445 521; x_wconf 78' lang='lat' dir='ltr'>rod</span> 
     </span>
     <span class='ocr_line' id='line_1_2' title="bbox 459 619 2306 742; baseline -0.007 -24"><span class='ocrx_word' id='word_1_2' title='bbox 459 655 462 664; x_wconf 62' lang='lat'><em>⁴</em></span> <span class='ocrx_word' id='word_1_3' title='bbox 514 641 562 718; x_wconf 91' lang='lat' dir='ltr'>to</span> <span class='ocrx_word' id='word_1_4' title='bbox 594 628 673 714; x_wconf 92' lang='lat' dir='ltr'>illo</span> <span class='ocrx_word' id='word_1_5' title='bbox 707 624 1074 734; x_wconf 86' lang='lat' dir='ltr'>communicatur,</span> <span class='ocrx_word' id='word_1_6' title='bbox 1108 651 1239 737; x_wconf 88' lang='lat' dir='ltr'>quam</span> <span class='ocrx_word' id='word_1_7' title='bbox 1272 622 1310 710; x_wconf 87' lang='lat' dir='ltr'>si</span> <span class='ocrx_word' id='word_1_8' title='bbox 1341 623 1544 742; x_wconf 91' lang='lat' dir='ltr'>operatio</span> <span class='ocrx_word' id='word_1_9' title='bbox 1578 620 1768 710; x_wconf 87' lang='lat' dir='ltr'>inferius</span> <span class='ocrx_word' id='word_1_10' title='bbox 1813 619 1912 732; x_wconf 77' lang='lat' dir='ltr'>fiat,</span> <span class='ocrx_word' id='word_1_11' title='bbox 1953 648 2045 736; x_wconf 91' lang='lat' dir='ltr'>quo</span> <span class='ocrx_word' id='word_1_12' title='bbox 2093 621 2146 708; x_wconf 94' lang='lat' dir='ltr'>in</span> <span class='ocrx_word' id='word_1_13' title='bbox 2194 649 2306 710; x_wconf 83' lang='lat' dir='ltr'>casu</span> 
     </span>
     <span class='ocr_line' id='line_1_3' title="bbox 503 753 1839 872; baseline -0.003 -30"><span class='ocrx_word' id='word_1_14' title='bbox 503 754 832 872; x_wconf 86' lang='lat' dir='ltr'>diaphragmati</span> <span class='ocrx_word' id='word_1_15' title='bbox 862 753 1045 869; x_wconf 86' lang='lat' dir='ltr'>propius</span> <span class='ocrx_word' id='word_1_16' title='bbox 1076 759 1312 840; x_wconf 86' lang='lat' dir='ltr'>accedunt.</span> <span class='ocrx_word' id='word_1_17' title='bbox 1831 827 1839 838; x_wconf 96' lang='lat'><em>.</em></span> 
     </span>
    </p>

    <p class='ocr_par' dir='ltr' id='par_1_2' title="bbox 509 873 2455 1883">
     <span class='ocr_line' id='line_1_4' title="bbox 575 873 2455 994; baseline -0.005 -23"><span class='ocrx_word' id='word_1_18' title='bbox 575 883 833 971; x_wconf 90' lang='lat' dir='ltr'>Secundum</span> <span class='ocrx_word' id='word_1_19' title='bbox 873 873 1137 966; x_wconf 76' lang='lat' dir='ltr'>Rronnsnr&#39;)</span> <span class='ocrx_word' id='word_1_20' title='bbox 1169 880 1429 994; x_wconf 83' lang='lat' dir='ltr'>opinionem</span> <span class='ocrx_word' id='word_1_21' title='bbox 1471 907 1496 964; x_wconf 87' lang='lat' dir='ltr'>a</span> <span class='ocrx_word' id='word_1_22' title='bbox 1530 873 1691 991; x_wconf 85' lang='lat' dir='ltr'>quinta</span> <span class='ocrx_word' id='word_1_23' title='bbox 1723 883 1780 963; x_wconf 94' lang='lat' dir='ltr'>ad</span> <span class='ocrx_word' id='word_1_24' title='bbox 1811 906 1975 964; x_wconf 90' lang='lat' dir='ltr'>nonam</span> <span class='ocrx_word' id='word_1_25' title='bbox 2008 902 2150 989; x_wconf 86' lang='lat' dir='ltr'>usque</span> <span class='ocrx_word' id='word_1_26' title='bbox 2207 905 2301 964; x_wconf 91' lang='lat' dir='ltr'>cos·</span> <span class='ocrx_word' id='word_1_27' title='bbox 2454 907 2455 962; x_wconf 65' lang='lat' dir='ltr'><em>z</em></span> 
     </span>
     <span class='ocr_line' id='line_1_5' title="bbox 513 1007 2297 1122; baseline -0.006 -26"><span class='ocrx_word' id='word_1_28' title='bbox 513 1021 599 1096; x_wconf 82' lang='lat' dir='ltr'>tam</span> <span class='ocrx_word' id='word_1_29' title='bbox 633 1010 799 1122; x_wconf 86' lang='lat' dir='ltr'>quisvis</span> <span class='ocrx_word' id='word_1_30' title='bbox 831 1011 953 1092; x_wconf 88' lang='lat' dir='ltr'>locus</span> <span class='ocrx_word' id='word_1_31' title='bbox 985 1035 1067 1122; x_wconf 93' lang='lat' dir='ltr'>pro</span> <span class='ocrx_word' id='word_1_32' title='bbox 1099 1008 1251 1092; x_wconf 87' lang='lat' dir='ltr'>lubitu</span> <span class='ocrx_word' id='word_1_33' title='bbox 1284 1008 1394 1119; x_wconf 83' lang='lat' dir='ltr'>eligi</span> <span class='ocrx_word' id='word_1_34' title='bbox 1426 1017 1588 1121; x_wconf 82' lang='lat' dir='ltr'>potest,</span> <span class='ocrx_word' id='word_1_35' title='bbox 1621 1007 1812 1121; x_wconf 90' lang='lat' dir='ltr'>optimus</span> <span class='ocrx_word' id='word_1_36' title='bbox 1844 1033 1952 1092; x_wconf 84' lang='lat' dir='ltr'>vero</span> <span class='ocrx_word' id='word_1_37' title='bbox 1987 1007 2067 1090; x_wconf 93' lang='lat' dir='ltr'>ille</span> <span class='ocrx_word' id='word_1_38' title='bbox 2084 1007 2297 1114; x_wconf 81' lang='lat' dir='ltr'>habetur,</span> 
     </span>
     <span class='ocr_line' id='line_1_6' title="bbox 510 1132 2299 1254; baseline -0.003 -32"><span class='ocrx_word' id='word_1_39' title='bbox 510 1137 593 1222; x_wconf 86' lang='lat' dir='ltr'>ubi</span> <span class='ocrx_word' id='word_1_40' title='bbox 626 1139 803 1254; x_wconf 85' lang='lat' dir='ltr'>longius</span> <span class='ocrx_word' id='word_1_41' title='bbox 834 1165 860 1220; x_wconf 89' lang='lat' dir='ltr'>a</span> <span class='ocrx_word' id='word_1_42' title='bbox 892 1163 938 1221; x_wconf 92' lang='lat' dir='ltr'>se</span> <span class='ocrx_word' id='word_1_43' title='bbox 971 1135 1168 1220; x_wconf 89' lang='lat' dir='ltr'>invicem</span> <span class='ocrx_word' id='word_1_44' title='bbox 1200 1147 1346 1220; x_wconf 88' lang='lat' dir='ltr'>costae</span> <span class='ocrx_word' id='word_1_45' title='bbox 1380 1135 1563 1242; x_wconf 85' lang='lat' dir='ltr'>distant,</span> <span class='ocrx_word' id='word_1_46' title='bbox 1596 1135 1661 1244; x_wconf 85' lang='lat' dir='ltr'>id,</span> <span class='ocrx_word' id='word_1_47' title='bbox 1695 1139 1818 1244; x_wconf 91' lang='lat' dir='ltr'>quod</span> <span class='ocrx_word' id='word_1_48' title='bbox 1850 1134 2116 1248; x_wconf 89' lang='lat' dir='ltr'>plerumque</span> <span class='ocrx_word' id='word_1_49' title='bbox 2141 1132 2192 1216; x_wconf 92' lang='lat' dir='ltr'>in</span> <span class='ocrx_word' id='word_1_50' title='bbox 2209 1157 2299 1216; x_wconf 89' lang='lat' dir='ltr'>me·</span> 
     </span>
     <span class='ocr_line' id='line_1_7' title="bbox 510 1259 2299 1376; baseline -0.003 -27"><span class='ocrx_word' id='word_1_51' title='bbox 510 1265 588 1349; x_wconf 93' lang='lat' dir='ltr'>dio</span> <span class='ocrx_word' id='word_1_52' title='bbox 621 1263 745 1354; x_wconf 84' lang='lat' dir='ltr'>inter</span> <span class='ocrx_word' id='word_1_53' title='bbox 778 1263 945 1376; x_wconf 91' lang='lat' dir='ltr'>spinam</span> <span class='ocrx_word' id='word_1_54' title='bbox 978 1263 1099 1358; x_wconf 86' lang='lat' dir='ltr'>dorsi</span> <span class='ocrx_word' id='word_1_55' title='bbox 1131 1273 1268 1371; x_wconf 90' lang='lat' dir='ltr'>atque</span> <span class='ocrx_word' id='word_1_56' title='bbox 1300 1290 1348 1348; x_wconf 84' lang='lat' dir='ltr'>os</span> <span class='ocrx_word' id='word_1_57' title='bbox 1379 1273 1577 1346; x_wconf 82' lang='lat' dir='ltr'>eternum</span> <span class='ocrx_word' id='word_1_58' title='bbox 1610 1273 1733 1346; x_wconf 89' lang='lat' dir='ltr'>recta</span> <span class='ocrx_word' id='word_1_59' title='bbox 1766 1264 1972 1345; x_wconf 89' lang='lat' dir='ltr'>deorsum</span> <span class='ocrx_word' id='word_1_60' title='bbox 1995 1263 2051 1344; x_wconf 82' lang='lat' dir='ltr'>ab</span> <span class='ocrx_word' id='word_1_61' title='bbox 2069 1259 2211 1344; x_wconf 78' lang='lat' dir='ltr'>axilli</span> <span class='ocrx_word' id='word_1_62' title='bbox 2229 1259 2299 1344; x_wconf 90' lang='lat' dir='ltr'>in·</span> 
     </span>
     <span class='ocr_line' id='line_1_8' title="bbox 514 1387 2297 1504; baseline -0.004 -27"><span class='ocrx_word' id='word_1_63' title='bbox 514 1403 584 1477; x_wconf 90' lang='lat' dir='ltr'>ter</span> <span class='ocrx_word' id='word_1_64' title='bbox 615 1403 789 1477; x_wconf 84' lang='lat' dir='ltr'>sextam</span> <span class='ocrx_word' id='word_1_65' title='bbox 823 1400 871 1475; x_wconf 92' lang='lat' dir='ltr'>et</span> <span class='ocrx_word' id='word_1_66' title='bbox 903 1389 1146 1503; x_wconf 86' lang='lat' dir='ltr'>septimam,</span> <span class='ocrx_word' id='word_1_67' title='bbox 1162 1389 1237 1473; x_wconf 92' lang='lat' dir='ltr'>vel</span> <span class='ocrx_word' id='word_1_68' title='bbox 1269 1389 1497 1504; x_wconf 78' lang='lat' dir='ltr'><strong>septimam</strong></span> <span class='ocrx_word' id='word_1_69' title='bbox 1532 1399 1579 1473; x_wconf 90' lang='lat' dir='ltr'>et</span> <span class='ocrx_word' id='word_1_70' title='bbox 1612 1399 1811 1472; x_wconf 90' lang='lat' dir='ltr'>octavam</span> <span class='ocrx_word' id='word_1_71' title='bbox 1845 1397 2006 1474; x_wconf 87' lang='lat' dir='ltr'>costam</span> <span class='ocrx_word' id='word_1_72' title='bbox 2040 1387 2189 1470; x_wconf 88' lang='lat' dir='ltr'>locum</span> <span class='ocrx_word' id='word_1_73' title='bbox 2221 1388 2297 1470; x_wconf 86' lang='lat' dir='ltr'>ha·</span> 
     </span>
     <span class='ocr_line' id='line_1_9' title="bbox 509 1509 2455 1624; baseline -0.004 -22"><span class='ocrx_word' id='word_1_74' title='bbox 509 1519 603 1604; x_wconf 91' lang='lat' dir='ltr'>bet.</span> <span class='ocrx_word' id='word_1_75' title='bbox 640 1509 838 1606; x_wconf 52' lang='lat' dir='ltr'>Sanam)</span> <span class='ocrx_word' id='word_1_76' title='bbox 870 1525 918 1601; x_wconf 91' lang='lat' dir='ltr'>et</span> <span class='ocrx_word' id='word_1_77' title='bbox 949 1516 1002 1600; x_wconf 91' lang='lat' dir='ltr'>B.</span> <span class='ocrx_word' id='word_1_78' title='bbox 1035 1510 1198 1599; x_wconf 65' lang='lat' dir='ltr'>anun&gt;</span> <span class='ocrx_word' id='word_1_79' title='bbox 1231 1521 1544 1600; x_wconf 90' lang='lat' dir='ltr'>commendant</span> <span class='ocrx_word' id='word_1_80' title='bbox 1585 1514 1881 1600; x_wconf 74' lang='lat' dir='ltr'>interstitium</span> <span class='ocrx_word' id='word_1_81' title='bbox 1926 1524 2143 1600; x_wconf 88' lang='lat' dir='ltr'>costarum</span> <span class='ocrx_word' id='word_1_82' title='bbox 2191 1540 2295 1599; x_wconf 82' lang='lat' dir='ltr'>sex·</span> <span class='ocrx_word' id='word_1_83' title='bbox 2454 1607 2455 1624; x_wconf 18' lang='lat' dir='ltr'>p</span> 
     </span>
     <span class='ocr_line' id='line_1_10' title="bbox 513 1634 2455 1758; baseline -0.003 -29"><span class='ocrx_word' id='word_1_84' title='bbox 513 1656 583 1729; x_wconf 90' lang='lat' dir='ltr'>tae</span> <span class='ocrx_word' id='word_1_85' title='bbox 617 1656 665 1731; x_wconf 89' lang='lat' dir='ltr'>et</span> <span class='ocrx_word' id='word_1_86' title='bbox 682 1641 897 1758; x_wconf 84' lang='lat' dir='ltr'>septimae,</span> <span class='ocrx_word' id='word_1_87' title='bbox 907 1641 1161 1756; x_wconf 70' lang='lat' dir='ltr'>‚perillustrz</span> <span class='ocrx_word' id='word_1_88' title='bbox 1179 1642 1294 1726; x_wconf 88' lang='lat' dir='ltr'>Baro</span> <span class='ocrx_word' id='word_1_89' title='bbox 1311 1672 1337 1727; x_wconf 91' lang='lat' dir='ltr'>a</span> <span class='ocrx_word' id='word_1_90' title='bbox 1354 1634 1553 1726; x_wconf 66' lang='lat' dir='ltr'>ann)</span> <span class='ocrx_word' id='word_1_91' title='bbox 1585 1642 1784 1735; x_wconf 81' lang='lat' dir='ltr'>admittit</span> <span class='ocrx_word' id='word_1_92' title='bbox 1817 1643 2006 1757; x_wconf 85' lang='lat' dir='ltr'>spatium</span> <span class='ocrx_word' id='word_1_93' title='bbox 2023 1639 2146 1728; x_wconf 85' lang='lat' dir='ltr'>inter</span> <span class='ocrx_word' id='word_1_94' title='bbox 2163 1640 2297 1753; x_wconf 89' lang='lat' dir='ltr'>quin·</span> <span class='ocrx_word' id='word_1_95' title='bbox 2454 1735 2455 1758; x_wconf 21' lang='grc' dir='ltr'><strong><em>Ν</em></strong></span> 
     </span>
     <span class='ocr_line' id='line_1_11' title="bbox 511 1759 2455 1883; baseline -0.003 -28"><span class='ocrx_word' id='word_1_96' title='bbox 511 1782 613 1880; x_wconf 85' lang='lat' dir='ltr'>tam,</span> <span class='ocrx_word' id='word_1_97' title='bbox 646 1782 820 1864; x_wconf 79' lang='lat' dir='ltr'>sextam</span> <span class='ocrx_word' id='word_1_98' title='bbox 853 1781 902 1853; x_wconf 87' lang='lat' dir='ltr'>et</span> <span class='ocrx_word' id='word_1_99' title='bbox 934 1769 1160 1883; x_wconf 83' lang='lat' dir='ltr'>septimam</span> <span class='ocrx_word' id='word_1_100' title='bbox 1194 1779 1355 1854; x_wconf 86' lang='lat' dir='ltr'>costam</span> <span class='ocrx_word' id='word_1_101' title='bbox 1389 1773 1455 1854; x_wconf 83' lang='lat' dir='ltr'>ab·</span> <span class='ocrx_word' id='word_1_102' title='bbox 1479 1768 1669 1856; x_wconf 78' lang='lat' dir='ltr'>infernis</span> <span class='ocrx_word' id='word_1_103' title='bbox 1703 1759 1993 1854; x_wconf 80' lang='lat' dir='ltr'>numerando.</span> <span class='ocrx_word' id='word_1_104' title='bbox 2011 1767 2184 1851; x_wconf 89' lang='lat' dir='ltr'>Horum</span> <span class='ocrx_word' id='word_1_105' title='bbox 2202 1767 2297 1882; x_wconf 93' lang='lat' dir='ltr'>opi·</span> <span class='ocrx_word' id='word_1_106' title='bbox 2454 1819 2455 1862; x_wconf 52' lang='lat' dir='ltr'>s</span> 
     </span>
    </p>

    <p class='ocr_par' dir='ltr' id='par_1_3' title="bbox 406 1894 2295 2140">
     <span class='ocr_line' id='line_1_12' title="bbox 406 1894 2295 2007; baseline -0.002 -26"><span class='ocrx_word' id='word_1_107' title='bbox 406 1911 410 1920; x_wconf 84' lang='grc'><strong>’</strong></span> <span class='ocrx_word' id='word_1_108' title='bbox 508 1897 638 1992; x_wconf 89' lang='lat' dir='ltr'>nioni</span> <span class='ocrx_word' id='word_1_109' title='bbox 671 1924 755 2007; x_wconf 91' lang='lat' dir='ltr'>ego</span> <span class='ocrx_word' id='word_1_110' title='bbox 789 1896 989 1982; x_wconf 86' lang='lat' dir='ltr'>libenter</span> <span class='ocrx_word' id='word_1_111' title='bbox 1020 1900 1202 2005; x_wconf 82' lang='lat' dir='ltr'>accedo,</span> <span class='ocrx_word' id='word_1_112' title='bbox 1236 1908 1451 2007; x_wconf 87' lang='lat' dir='ltr'>sequutus</span> <span class='ocrx_word' id='word_1_113' title='bbox 1485 1899 1540 1984; x_wconf 90' lang='lat' dir='ltr'>cl.</span> <span class='ocrx_word' id='word_1_114' title='bbox 1575 1897 1806 2005; x_wconf 71' lang='lat' dir='ltr'>Bissonum,</span> <span class='ocrx_word' id='word_1_115' title='bbox 1858 1895 1937 2006; x_wconf 91' lang='lat' dir='ltr'>qui</span> <span class='ocrx_word' id='word_1_116' title='bbox 1972 1894 2154 2006; x_wconf 90' lang='lat' dir='ltr'>quidem</span> <span class='ocrx_word' id='word_1_117' title='bbox 2191 1921 2295 1980; x_wconf 88' lang='lat' dir='ltr'>eum</span> 
     </span>
     <span class='ocr_line' id='line_1_13' title="bbox 506 2022 1580 2140; baseline 0.004 -34"><span class='ocrx_word' id='word_1_118' title='bbox 506 2023 656 2112; x_wconf 91' lang='lat' dir='ltr'>locum</span> <span class='ocrx_word' id='word_1_119' title='bbox 689 2025 889 2108; x_wconf 90' lang='lat' dir='ltr'>omnium</span> <span class='ocrx_word' id='word_1_120' title='bbox 921 2022 1119 2109; x_wconf 87' lang='lat' dir='ltr'>maxime</span> <span class='ocrx_word' id='word_1_121' title='bbox 1151 2035 1303 2140; x_wconf 87' lang='lat' dir='ltr'>aptum</span> <span class='ocrx_word' id='word_1_122' title='bbox 1335 2025 1580 2110; x_wconf 86' lang='lat' dir='ltr'>existimat.</span> 
     </span>
    </p>

    <p class='ocr_par' dir='ltr' id='par_1_4' title="bbox 873 2153 1484 2274">
     <span class='ocr_line' id='line_1_14' title="bbox 873 2153 1484 2274; baseline 0.003 -38"><span class='ocrx_word' id='word_1_123' title='bbox 873 2250 880 2274; x_wconf 31' lang='grc' dir='ltr'><strong>ι</strong></span> <span class='ocrx_word' id='word_1_124' title='bbox 1319 2153 1345 2266; x_wconf 83' lang='lat'>§</span> <span class='ocrx_word' id='word_1_125' title='bbox 1383 2179 1484 2258; x_wconf 76' lang='lat'>1⁰7·</span> 
     </span>
    </p>

    <p class='ocr_par' dir='ltr' id='par_1_5' title="bbox 507 2274 2293 2520">
     <span class='ocr_line' id='line_1_15' title="bbox 509 2274 2293 2389; baseline -0.002 -23"><span class='ocrx_word' id='word_1_126' title='bbox 509 2287 519 2294; x_wconf 85' lang='lat'>&#39;</span> <span class='ocrx_word' id='word_1_127' title='bbox 571 2274 649 2366; x_wconf 85' lang='lat' dir='ltr'>Ad</span> <span class='ocrx_word' id='word_1_128' title='bbox 680 2280 830 2364; x_wconf 91' lang='lat' dir='ltr'>locum</span> <span class='ocrx_word' id='word_1_129' title='bbox 863 2287 1070 2365; x_wconf 82' lang='lat' dir='ltr'>accurate</span> <span class='ocrx_word' id='word_1_130' title='bbox 1103 2275 1421 2365; x_wconf 82' lang='lat' dir='ltr'>deliniendum</span> <span class='ocrx_word' id='word_1_131' title='bbox 1454 2288 1684 2389; x_wconf 85' lang='lat' dir='ltr'>aegrotum</span> <span class='ocrx_word' id='word_1_132' title='bbox 1717 2304 1809 2364; x_wconf 84' lang='lat' dir='ltr'>sese</span> <span class='ocrx_word' id='word_1_133' title='bbox 1843 2275 2064 2361; x_wconf 91' lang='lat' dir='ltr'>inclinare</span> <span class='ocrx_word' id='word_1_134' title='bbox 2096 2275 2293 2362; x_wconf 75' lang='lat' dir='ltr'>adlatus</span> 
     </span>
     <span class='ocr_line' id='line_1_16' title="bbox 507 2403 2293 2520; baseline -0.002 -29"><span class='ocrx_word' id='word_1_135' title='bbox 507 2416 665 2492; x_wconf 87' lang='lat' dir='ltr'>eontra</span> <span class='ocrx_word' id='word_1_136' title='bbox 681 2457 697 2473; x_wconf 93' lang='lat'>-</span> <span class='ocrx_word' id='word_1_137' title='bbox 712 2416 945 2520; x_wconf 56' lang='lat' dir='ltr'>aperturae*</span> <span class='ocrx_word' id='word_1_138' title='bbox 967 2405 1201 2492; x_wconf 83' lang='lat' dir='ltr'>faciendae</span> <span class='ocrx_word' id='word_1_139' title='bbox 1232 2406 1411 2514; x_wconf 80' lang='lat' dir='ltr'>jubent,</span> <span class='ocrx_word' id='word_1_140' title='bbox 1444 2405 1507 2488; x_wconf 90' lang='lat' dir='ltr'>ita</span> <span class='ocrx_word' id='word_1_141' title='bbox 1540 2406 1773 2490; x_wconf 87' lang='lat' dir='ltr'>relaxatur</span> <span class='ocrx_word' id='word_1_142' title='bbox 1806 2405 2027 2490; x_wconf 87' lang='lat' dir='ltr'>musculus</span> <span class='ocrx_word' id='word_1_143' title='bbox 2058 2403 2293 2488; x_wconf 85' lang='lat' dir='ltr'>latissimus</span> 
     </span>
    </p>

    <p class='ocr_par' dir='ltr' id='par_1_6' title="bbox 426 2529 2455 3535">
     <span class='ocr_line' id='line_1_17' title="bbox 426 2529 2455 2646; baseline -0.003 -28"><span class='ocrx_word' id='word_1_144' title='bbox 426 2623 434 2632; x_wconf 66' lang='grc'><strong>,</strong></span> <span class='ocrx_word' id='word_1_145' title='bbox 507 2533 642 2620; x_wconf 89' lang='lat' dir='ltr'>dorsi.</span> <span class='ocrx_word' id='word_1_146' title='bbox 684 2531 742 2617; x_wconf 92' lang='lat' dir='ltr'>In</span> <span class='ocrx_word' id='word_1_147' title='bbox 775 2558 961 2646; x_wconf 90' lang='lat' dir='ltr'>corpore</span> <span class='ocrx_word' id='word_1_148' title='bbox 995 2557 1169 2616; x_wconf 87' lang='lat' dir='ltr'>macero</span> <span class='ocrx_word' id='word_1_149' title='bbox 1201 2531 1349 2616; x_wconf 88' lang='lat' dir='ltr'>statim</span> <span class='ocrx_word' id='word_1_150' title='bbox 1380 2532 1531 2616; x_wconf 89' lang='lat' dir='ltr'>locum.</span> <span class='ocrx_word' id='word_1_151' title='bbox 1563 2532 1810 2617; x_wconf 85' lang='lat' dir='ltr'>indicatum</span> <span class='ocrx_word' id='word_1_152' title='bbox 1849 2530 2019 2616; x_wconf 87' lang='lat' dir='ltr'>sentire</span> <span class='ocrx_word' id='word_1_153' title='bbox 2051 2529 2294 2640; x_wconf 84' lang='lat' dir='ltr'>contingit,</span> <span class='ocrx_word' id='word_1_154' title='bbox 2454 2609 2455 2626; x_wconf 17' lang='lat' dir='ltr'>p</span> 
     </span>
     <span class='ocr_line' id='line_1_18' title="bbox 506 2655 2292 2772; baseline -0.002 -28"><span class='ocrx_word' id='word_1_155' title='bbox 506 2659 556 2744; x_wconf 92' lang='lat' dir='ltr'>in</span> <span class='ocrx_word' id='word_1_156' title='bbox 575 2662 709 2746; x_wconf 84' lang='lat' dir='ltr'>obeso</span> <span class='ocrx_word' id='word_1_157' title='bbox 741 2671 891 2744; x_wconf 91' lang='lat' dir='ltr'>autem</span> <span class='ocrx_word' id='word_1_158' title='bbox 923 2659 1090 2744; x_wconf 87' lang='lat' dir='ltr'>multae</span> <span class='ocrx_word' id='word_1_159' title='bbox 1124 2655 1419 2744; x_wconf 84' lang='lat' dir='ltr'>difficultates</span> <span class='ocrx_word' id='word_1_160' title='bbox 1452 2657 1711 2769; x_wconf 79' lang='lat' dir='ltr'>chirurgum</span> <span class='ocrx_word' id='word_1_161' title='bbox 1757 2661 1832 2742; x_wconf 89' lang='lat' dir='ltr'>hic</span> <span class='ocrx_word' id='word_1_162' title='bbox 1882 2657 2150 2772; x_wconf 87' lang='lat' dir='ltr'>impediunt.</span> <span class='ocrx_word' id='word_1_163' title='bbox 2182 2657 2292 2741; x_wconf 87' lang='lat' dir='ltr'>Nam</span> 
     </span>
     <span class='ocr_line' id='line_1_19' title="bbox 507 2781 2291 2901; baseline -0.003 -29"><span class='ocrx_word' id='word_1_164' title='bbox 507 2813 638 2901; x_wconf 90' lang='lat' dir='ltr'>supra</span> <span class='ocrx_word' id='word_1_165' title='bbox 661 2787 828 2900; x_wconf 85' lang='lat' dir='ltr'>spurias</span> <span class='ocrx_word' id='word_1_166' title='bbox 861 2795 999 2872; x_wconf 86' lang='lat' dir='ltr'>costas</span> <span class='ocrx_word' id='word_1_167' title='bbox 1031 2787 1142 2894; x_wconf 83' lang='lat' dir='ltr'>ejus,</span> <span class='ocrx_word' id='word_1_168' title='bbox 1175 2794 1336 2899; x_wconf 83' lang='lat' dir='ltr'>utpote</span> <span class='ocrx_word' id='word_1_169' title='bbox 1351 2786 1484 2870; x_wconf 82' lang='lat' dir='ltr'>nimis</span> <span class='ocrx_word' id='word_1_170' title='bbox 1505 2785 1692 2872; x_wconf 85' lang='lat' dir='ltr'>mobiles</span> <span class='ocrx_word' id='word_1_171' title='bbox 1710 2784 1846 2897; x_wconf 82' lang='lat' dir='ltr'>digiti</span> <span class='ocrx_word' id='word_1_172' title='bbox 1874 2781 2005 2869; x_wconf 83' lang='lat' dir='ltr'>facile</span> <span class='ocrx_word' id='word_1_173' title='bbox 2023 2783 2291 2896; x_wconf 89' lang='lat' dir='ltr'>degliscunt</span> 
     </span>
     <span class='ocr_line' id='line_1_20' title="bbox 505 2909 2292 3028; baseline -0.001 -33"><span class='ocrx_word' id='word_1_174' title='bbox 505 2909 636 2997; x_wconf 90' lang='lat' dir='ltr'>Idem</span> <span class='ocrx_word' id='word_1_175' title='bbox 654 2938 836 3024; x_wconf 88' lang='lat' dir='ltr'>quoque</span> <span class='ocrx_word' id='word_1_176' title='bbox 853 2913 974 2997; x_wconf 89' lang='lat' dir='ltr'>valet</span> <span class='ocrx_word' id='word_1_177' title='bbox 992 2917 1051 2997; x_wconf 92' lang='lat' dir='ltr'>de</span> <span class='ocrx_word' id='word_1_178' title='bbox 1068 2933 1273 3028; x_wconf 89' lang='lat' dir='ltr'>corpore,</span> <span class='ocrx_word' id='word_1_179' title='bbox 1306 2911 1462 2998; x_wconf 88' lang='lat' dir='ltr'>iisdem</span> <span class='ocrx_word' id='word_1_180' title='bbox 1480 2911 1531 2996; x_wconf 92' lang='lat' dir='ltr'>in</span> <span class='ocrx_word' id='word_1_181' title='bbox 1562 2912 1764 3026; x_wconf 87' lang='lat' dir='ltr'>partibus</span> <span class='ocrx_word' id='word_1_182' title='bbox 1802 2913 1968 3020; x_wconf 88' lang='lat' dir='ltr'>agravi</span> <span class='ocrx_word' id='word_1_183' title='bbox 1993 2913 2292 3025; x_wconf 85' lang='lat' dir='ltr'>emphysema·</span> 
     </span>
     <span class='ocr_line' id='line_1_21' title="bbox 507 3037 2292 3152; baseline -0.002 -28"><span class='ocrx_word' id='word_1_184' title='bbox 507 3049 553 3124; x_wconf 84' lang='lat' dir='ltr'>te</span> <span class='ocrx_word' id='word_1_185' title='bbox 585 3037 901 3124; x_wconf 87' lang='lat' dir='ltr'>obtumelacto.</span> <span class='ocrx_word' id='word_1_186' title='bbox 935 3038 1038 3123; x_wconf 90' lang='lat' dir='ltr'>Hoc</span> <span class='ocrx_word' id='word_1_187' title='bbox 1069 3039 1120 3124; x_wconf 93' lang='lat' dir='ltr'>in</span> <span class='ocrx_word' id='word_1_188' title='bbox 1154 3065 1254 3124; x_wconf 84' lang='lat' dir='ltr'>casu</span> <span class='ocrx_word' id='word_1_189' title='bbox 1288 3050 1475 3124; x_wconf 90' lang='lat' dir='ltr'>monent</span> <span class='ocrx_word' id='word_1_190' title='bbox 1507 3041 1721 3144; x_wconf 85' lang='lat' dir='ltr'>nonnulli</span> <span class='ocrx_word' id='word_1_191' title='bbox 1755 3039 1984 3122; x_wconf 88' lang='lat' dir='ltr'>brachium</span> <span class='ocrx_word' id='word_1_192' title='bbox 2010 3037 2185 3152; x_wconf 80' lang='lat' dir='ltr'>corpori</span> <span class='ocrx_word' id='word_1_193' title='bbox 2214 3037 2292 3121; x_wconf 90' lang='lat' dir='ltr'>im·</span> 
     </span>
     <span class='ocr_line' id='line_1_22' title="bbox 504 3151 2291 3280; baseline -0.003 -30"><span class='ocrx_word' id='word_1_194' title='bbox 504 3191 690 3280; x_wconf 87' lang='lat' dir='ltr'>ponere,</span> <span class='ocrx_word' id='word_1_195' title='bbox 723 3166 1053 3251; x_wconf 86' lang='lat' dir='ltr'>antibrachium</span> <span class='ocrx_word' id='word_1_196' title='bbox 1086 3175 1209 3250; x_wconf 82' lang='lat' dir='ltr'>recta</span> <span class='ocrx_word' id='word_1_197' title='bbox 1242 3191 1391 3252; x_wconf 83' lang='lat' dir='ltr'>versus</span> <span class='ocrx_word' id='word_1_198' title='bbox 1432 3151 1728 3252; x_wconf 76' lang='lat' dir='ltr'>scrobiculum</span> <span class='ocrx_word' id='word_1_199' title='bbox 1746 3165 1893 3250; x_wconf 86' lang='lat' dir='ltr'>cordis</span> <span class='ocrx_word' id='word_1_200' title='bbox 1909 3169 2141 3250; x_wconf 90' lang='lat' dir='ltr'>collocare.</span> <span class='ocrx_word' id='word_1_201' title='bbox 2158 3163 2291 3248; x_wconf 88' lang='lat' dir='ltr'>Tunc</span> 
     </span>
     <span class='ocr_line' id='line_1_23' title="bbox 504 3291 2290 3408; baseline -0.002 -32"><span class='ocrx_word' id='word_1_202' title='bbox 504 3291 661 3402; x_wconf 84' lang='lat' dir='ltr'>digitis</span> <span class='ocrx_word' id='word_1_203' title='bbox 710 3295 947 3379; x_wconf 85' lang='lat' dir='ltr'>metientes</span> <span class='ocrx_word' id='word_1_204' title='bbox 997 3303 1222 3402; x_wconf 85' lang='lat' dir='ltr'>quaerunt</span> <span class='ocrx_word' id='word_1_205' title='bbox 1270 3295 1432 3402; x_wconf 77' lang='lat' dir='ltr'>locum,</span> <span class='ocrx_word' id='word_1_206' title='bbox 1483 3297 1542 3376; x_wconf 94' lang='lat' dir='ltr'>ad</span> <span class='ocrx_word' id='word_1_207' title='bbox 1591 3304 1840 3408; x_wconf 92' lang='lat' dir='ltr'>aperturam</span> <span class='ocrx_word' id='word_1_208' title='bbox 1882 3291 2110 3399; x_wconf 87' lang='lat' dir='ltr'>idoneum,</span> <span class='ocrx_word' id='word_1_209' title='bbox 2154 3317 2290 3402; x_wconf 87' lang='lat' dir='ltr'>quem</span> 
     </span>
     <span class='ocr_line' id='line_1_24' title="bbox 505 3417 2292 3535; baseline -0.002 -31"><span class='ocrx_word' id='word_1_210' title='bbox 505 3417 646 3532; x_wconf 83' lang='lat' dir='ltr'>spatio</span> <span class='ocrx_word' id='word_1_211' title='bbox 664 3427 857 3527; x_wconf 89' lang='lat' dir='ltr'>quatuor</span> <span class='ocrx_word' id='word_1_212' title='bbox 892 3429 1234 3503; x_wconf 87' lang='lat' dir='ltr'>transversorum</span> <span class='ocrx_word' id='word_1_213' title='bbox 1251 3422 1308 3502; x_wconf 89' lang='lat' dir='ltr'>ab</span> <span class='ocrx_word' id='word_1_214' title='bbox 1324 3417 1532 3504; x_wconf 84' lang='lat' dir='ltr'>inferiori</span> <span class='ocrx_word' id='word_1_215' title='bbox 1564 3420 1766 3535; x_wconf 86' lang='lat' dir='ltr'>scapulae</span> <span class='ocrx_word' id='word_1_216' title='bbox 1798 3421 1962 3527; x_wconf 93' lang='lat' dir='ltr'>angulo</span> <span class='ocrx_word' id='word_1_217' title='bbox 1983 3441 2150 3530; x_wconf 73' lang='lat' dir='ltr'>(orons),</span> <span class='ocrx_word' id='word_1_218' title='bbox 2187 3444 2292 3529; x_wconf 92' lang='lat' dir='ltr'>qua·</span> 
     </span>
    </p>

    <p class='ocr_par' dir='ltr' id='par_1_7' title="bbox 328 3543 2455 3659">
     <span class='ocr_line' id='line_1_25' title="bbox 328 3543 2455 3659; baseline 0.001 -33"><span class='ocrx_word' id='word_1_219' title='bbox 328 3617 342 3626; x_wconf 92' lang='lat'>.</span> <span class='ocrx_word' id='word_1_220' title='bbox 441 3549 448 3556; x_wconf 78' lang='grc'><em>“</em></span> <span class='ocrx_word' id='word_1_221' title='bbox 506 3553 610 3628; x_wconf 91' lang='lat' dir='ltr'>tuor</span> <span class='ocrx_word' id='word_1_222' title='bbox 643 3545 792 3651; x_wconf 82' lang='lat' dir='ltr'>etiam,</span> <span class='ocrx_word' id='word_1_223' title='bbox 825 3571 909 3630; x_wconf 85' lang='lat' dir='ltr'>sex</span> <span class='ocrx_word' id='word_1_224' title='bbox 941 3547 1016 3628; x_wconf 90' lang='lat' dir='ltr'>vel</span> <span class='ocrx_word' id='word_1_225' title='bbox 1048 3545 1397 3658; x_wconf 86' lang='lat' dir='ltr'>septemaspina</span> <span class='ocrx_word' id='word_1_226' title='bbox 1415 3546 1532 3632; x_wconf 83' lang='lat' dir='ltr'>dorsi</span> <span class='ocrx_word' id='word_1_227' title='bbox 1551 3547 1805 3654; x_wconf 81' lang='lat' dir='ltr'>distantem,</span> <span class='ocrx_word' id='word_1_228' title='bbox 1822 3547 2089 3659; x_wconf 88' lang='lat' dir='ltr'>plerumque</span> <span class='ocrx_word' id='word_1_229' title='bbox 2122 3543 2170 3628; x_wconf 92' lang='lat' dir='ltr'>in</span> <span class='ocrx_word' id='word_1_230' title='bbox 2205 3570 2292 3629; x_wconf 90' lang='lat' dir='ltr'>ma·</span> <span class='ocrx_word' id='word_1_231' title='bbox 2355 3603 2360 3610; x_wconf 86' lang='lat'>-</span> <span class='ocrx_word' id='word_1_232' title='bbox 2454 3563 2455 3584; x_wconf 59' lang='lat'>¹</span> 
     </span>
    </p>

    <p class='ocr_par' dir='ltr' id='par_1_8' title="bbox 503 3669 2289 4166">
     <span class='ocr_line' id='line_1_26' title="bbox 506 3669 2285 3784; baseline 0.003 -34"><span class='ocrx_word' id='word_1_233' title='bbox 506 3671 631 3753; x_wconf 86' lang='lat' dir='ltr'>xima</span> <span class='ocrx_word' id='word_1_234' title='bbox 664 3681 881 3756; x_wconf 86' lang='lat' dir='ltr'>costarum</span> <span class='ocrx_word' id='word_1_235' title='bbox 915 3681 1152 3755; x_wconf 79' lang='lat' dir='ltr'>curvatura</span> <span class='ocrx_word' id='word_1_236' title='bbox 1184 3670 1450 3784; x_wconf 30' lang='lat' dir='ltr'>inveniunt..</span> <span class='ocrx_word' id='word_1_237' title='bbox 1476 3671 1542 3756; x_wconf 88' lang='lat' dir='ltr'>At</span> <span class='ocrx_word' id='word_1_238' title='bbox 1576 3673 1829 3780; x_wconf 86' lang='lat' dir='ltr'>hujusmodi</span> <span class='ocrx_word' id='word_1_239' title='bbox 1863 3669 2161 3756; x_wconf 84' lang='lat' dir='ltr'>dimensiones</span> <span class='ocrx_word' id='word_1_240' title='bbox 2177 3697 2285 3757; x_wconf 86' lang='lat' dir='ltr'>sem·</span> 
     </span>
     <span class='ocr_line' id='line_1_27' title="bbox 503 3789 2289 3912; baseline -0.001 -31"><span class='ocrx_word' id='word_1_241' title='bbox 503 3822 587 3912; x_wconf 92' lang='lat' dir='ltr'>per</span> <span class='ocrx_word' id='word_1_242' title='bbox 616 3797 752 3904; x_wconf 89' lang='lat' dir='ltr'>juxta</span> <span class='ocrx_word' id='word_1_243' title='bbox 785 3798 1028 3910; x_wconf 82' lang='lat' dir='ltr'>digitorum</span> <span class='ocrx_word' id='word_1_244' title='bbox 1062 3799 1233 3910; x_wconf 87' lang='lat' dir='ltr'>aegroti</span> <span class='ocrx_word' id='word_1_245' title='bbox 1266 3799 1622 3909; x_wconf 84' lang='lat' dir='ltr'>magnitudinem</span> <span class='ocrx_word' id='word_1_246' title='bbox 1640 3800 1889 3908; x_wconf 86' lang='lat' dir='ltr'>exigendas</span> <span class='ocrx_word' id='word_1_247' title='bbox 1914 3824 2021 3905; x_wconf 84' lang='lat' dir='ltr'>esse,</span> <span class='ocrx_word' id='word_1_248' title='bbox 2047 3789 2289 3896; x_wconf 50' lang='lat' dir='ltr'>Gonnum)</span> 
     </span>
     <span class='ocr_line' id='line_1_28' title="bbox 505 3925 2289 4040; baseline 0.002 -33"><span class='ocrx_word' id='word_1_249' title='bbox 505 3926 725 4008; x_wconf 89' lang='lat' dir='ltr'>observat:</span> <span class='ocrx_word' id='word_1_250' title='bbox 759 3928 927 4040; x_wconf 90' lang='lat' dir='ltr'>quippe</span> <span class='ocrx_word' id='word_1_251' title='bbox 962 3926 1042 4038; x_wconf 93' lang='lat' dir='ltr'>qui</span> <span class='ocrx_word' id='word_1_252' title='bbox 1073 3936 1273 4011; x_wconf 88' lang='lat' dir='ltr'>mutuam</span> <span class='ocrx_word' id='word_1_253' title='bbox 1306 3925 1572 4014; x_wconf 87' lang='lat' dir='ltr'>relationem</span> <span class='ocrx_word' id='word_1_254' title='bbox 1588 3928 1784 4011; x_wconf 90' lang='lat' dir='ltr'>habeant</span> <span class='ocrx_word' id='word_1_255' title='bbox 1800 3952 1900 4010; x_wconf 87' lang='lat' dir='ltr'>cum</span> <span class='ocrx_word' id='word_1_256' title='bbox 1942 3927 2104 4012; x_wconf 86' lang='lat' dir='ltr'>ceteris</span> <span class='ocrx_word' id='word_1_257' title='bbox 2137 3953 2289 4040; x_wconf 86' lang='lat' dir='ltr'>corpo·</span> 
     </span>
     <span class='ocr_line' id='line_1_29' title="bbox 503 4049 938 4166; baseline 0.018 -34"><span class='ocrx_word' id='word_1_258' title='bbox 503 4049 565 4136; x_wconf 82' lang='lat' dir='ltr'>ris</span> <span class='ocrx_word' id='word_1_259' title='bbox 598 4053 694 4159; x_wconf 83' lang='lat' dir='ltr'>ejus</span> <span class='ocrx_word' id='word_1_260' title='bbox 724 4053 938 4166; x_wconf 87' lang='lat' dir='ltr'>partibus.</span> 
     </span>
    </p>

    <p class='ocr_par' dir='ltr' id='par_1_9' title="bbox 499 4175 2289 4804">
     <span class='ocr_line' id='line_1_30' title="bbox 550 4175 2288 4290; baseline 0.001 -30"><span class='ocrx_word' id='word_1_261' title='bbox 550 4175 665 4260; x_wconf 81' lang='lat' dir='ltr'>-Alii</span> <span class='ocrx_word' id='word_1_262' title='bbox 730 4206 838 4263; x_wconf 89' lang='lat' dir='ltr'>vero</span> <span class='ocrx_word' id='word_1_263' title='bbox 866 4201 1017 4285; x_wconf 68' lang='lat' dir='ltr'>(oratus</span> <span class='ocrx_word' id='word_1_264' title='bbox 1042 4201 1231 4287; x_wconf 66' lang='lat' dir='ltr'>Annum.)</span> <span class='ocrx_word' id='word_1_265' title='bbox 1260 4185 1317 4265; x_wconf 88' lang='lat' dir='ltr'>ad</span> <span class='ocrx_word' id='word_1_266' title='bbox 1379 4181 1497 4265; x_wconf 80' lang='lat' dir='ltr'>lianc</span> <span class='ocrx_word' id='word_1_267' title='bbox 1563 4181 1885 4266; x_wconf 86' lang='lat' dir='ltr'>dimensionem</span> <span class='ocrx_word' id='word_1_268' title='bbox 1935 4177 2017 4264; x_wconf 90' lang='lat' dir='ltr'>filo</span> <span class='ocrx_word' id='word_1_269' title='bbox 2057 4189 2288 4290; x_wconf 80' lang='lat' dir='ltr'>utuntur,</span> 
     </span>
     <span class='ocr_line' id='line_1_31' title="bbox 503 4303 2289 4421; baseline 0.004 -36"><span class='ocrx_word' id='word_1_270' title='bbox 503 4307 634 4414; x_wconf 91' lang='lat' dir='ltr'>quod</span> <span class='ocrx_word' id='word_1_271' title='bbox 662 4307 802 4419; x_wconf 87' lang='lat' dir='ltr'>spatio</span> <span class='ocrx_word' id='word_1_272' title='bbox 836 4305 958 4390; x_wconf 86' lang='lat' dir='ltr'>inter</span> <span class='ocrx_word' id='word_1_273' title='bbox 992 4303 1240 4390; x_wconf 86' lang='lat' dir='ltr'>ensilormis</span> <span class='ocrx_word' id='word_1_274' title='bbox 1289 4333 1513 4421; x_wconf 84' lang='lat' dir='ltr'>processus</span> <span class='ocrx_word' id='word_1_275' title='bbox 1565 4309 1902 4418; x_wconf 83' lang='lat' dir='ltr'>extremitatem</span> <span class='ocrx_word' id='word_1_276' title='bbox 1955 4333 2006 4390; x_wconf 89' lang='lat' dir='ltr'>ac</span> <span class='ocrx_word' id='word_1_277' title='bbox 2057 4309 2289 4392; x_wconf 74' lang='lat' dir='ltr'>vertebrae</span> 
     </span>
     <span class='ocr_line' id='line_1_32' title="bbox 501 4430 2287 4549; baseline 0.003 -37"><span class='ocrx_word' id='word_1_278' title='bbox 501 4430 683 4540; x_wconf 82' lang='lat' dir='ltr'>aequali,</span> <span class='ocrx_word' id='word_1_279' title='bbox 716 4431 768 4515; x_wconf 92' lang='lat' dir='ltr'>in</span> <span class='ocrx_word' id='word_1_280' title='bbox 803 4442 891 4516; x_wconf 87' lang='lat' dir='ltr'>tres</span> <span class='ocrx_word' id='word_1_281' title='bbox 923 4445 1069 4545; x_wconf 86' lang='lat' dir='ltr'>partes</span> <span class='ocrx_word' id='word_1_282' title='bbox 1101 4431 1316 4516; x_wconf 89' lang='lat' dir='ltr'>dividunt</span> <span class='ocrx_word' id='word_1_283' title='bbox 1349 4445 1397 4518; x_wconf 89' lang='lat' dir='ltr'>et</span> <span class='ocrx_word' id='word_1_284' title='bbox 1430 4445 1869 4549; x_wconf 88' lang='lat' dir='ltr'>contra-aperturae</span> <span class='ocrx_word' id='word_1_285' title='bbox 1900 4434 2048 4516; x_wconf 89' lang='lat' dir='ltr'>locum</span> <span class='ocrx_word' id='word_1_286' title='bbox 2088 4459 2190 4518; x_wconf 89' lang='lat' dir='ltr'>eum</span> <span class='ocrx_word' id='word_1_287' title='bbox 2207 4433 2287 4518; x_wconf 91' lang='lat' dir='ltr'>eli·</span> 
     </span>
     <span class='ocr_line' id='line_1_33' title="bbox 501 4557 2285 4676; baseline 0.004 -39"><span class='ocrx_word' id='word_1_288' title='bbox 501 4567 631 4666; x_wconf 83' lang='lat' dir='ltr'>gunt,</span> <span class='ocrx_word' id='word_1_289' title='bbox 666 4583 800 4669; x_wconf 89' lang='lat' dir='ltr'>quem</span> <span class='ocrx_word' id='word_1_290' title='bbox 834 4557 905 4642; x_wconf 86' lang='lat' dir='ltr'>fili</span> <span class='ocrx_word' id='word_1_291' title='bbox 940 4558 1081 4672; x_wconf 90' lang='lat' dir='ltr'>spatio</span> <span class='ocrx_word' id='word_1_292' title='bbox 1115 4558 1196 4642; x_wconf 93' lang='lat' dir='ltr'>illo</span> <span class='ocrx_word' id='word_1_293' title='bbox 1241 4561 1425 4646; x_wconf 87' lang='lat' dir='ltr'>extensi</span> <span class='ocrx_word' id='word_1_294' title='bbox 1478 4562 1612 4646; x_wconf 87' lang='lat' dir='ltr'>tertia</span> <span class='ocrx_word' id='word_1_295' title='bbox 1645 4589 1758 4676; x_wconf 87' lang='lat' dir='ltr'>pars,</span> <span class='ocrx_word' id='word_1_296' title='bbox 1789 4561 1940 4645; x_wconf 90' lang='lat' dir='ltr'>medio</span> <span class='ocrx_word' id='word_1_297' title='bbox 1973 4565 2031 4643; x_wconf 89' lang='lat' dir='ltr'>ad</span> <span class='ocrx_word' id='word_1_298' title='bbox 2062 4560 2285 4675; x_wconf 83' lang='lat' dir='ltr'>posticum</span> 
     </span>
     <span class='ocr_line' id='line_1_34' title="bbox 499 4685 2285 4804; baseline 0.005 -38"><span class='ocrx_word' id='word_1_299' title='bbox 499 4685 658 4797; x_wconf 83' lang='lat' dir='ltr'>posita,</span> <span class='ocrx_word' id='word_1_300' title='bbox 691 4689 948 4800; x_wconf 88' lang='lat' dir='ltr'>occupabat.</span> <span class='ocrx_word' id='word_1_301' title='bbox 983 4687 1198 4773; x_wconf 88' lang='lat' dir='ltr'>Ceterum</span> <span class='ocrx_word' id='word_1_302' title='bbox 1244 4697 1329 4770; x_wconf 89' lang='lat' dir='ltr'>tarn</span> <span class='ocrx_word' id='word_1_303' title='bbox 1378 4687 1980 4804; x_wconf 79' lang='lat' dir='ltr'>anatomicophysiologicae,</span> <span class='ocrx_word' id='word_1_304' title='bbox 2031 4715 2162 4800; x_wconf 88' lang='lat' dir='ltr'>quam</span> <span class='ocrx_word' id='word_1_305' title='bbox 2209 4715 2285 4804; x_wconf 83' lang='lat' dir='ltr'>pa·</span> 
     </span>
    </p>

    <p class='ocr_par' dir='ltr' id='par_1_10' title="bbox 498 4818 2000 5044">
     <span class='ocr_line' id='line_1_35' title="bbox 498 4818 2000 4946; baseline 0.005 -30"><span class='ocrx_word' id='word_1_306' title='bbox 498 4818 552 4938; x_wconf 50' lang='grc' dir='ltr'>ἦ)</span> <span class='ocrx_word' id='word_1_307' title='bbox 567 4854 732 4920; x_wconf 76' lang='lat' dir='ltr'>Kromna.</span> <span class='ocrx_word' id='word_1_308' title='bbox 761 4851 1078 4940; x_wconf 79' lang='lat' dir='ltr'>Anfangsgruende</span> <span class='ocrx_word' id='word_1_309' title='bbox 1103 4851 1168 4918; x_wconf 89' lang='lat' dir='ltr'>der</span> <span class='ocrx_word' id='word_1_310' title='bbox 1194 4849 1559 4943; x_wconf 78' lang='lat' dir='ltr'>Wuudarzneylrmrst</span> <span class='ocrx_word' id='word_1_311' title='bbox 1588 4853 1616 4924; x_wconf 86' lang='lat'>1.</span> <span class='ocrx_word' id='word_1_312' title='bbox 1642 4875 1676 4925; x_wconf 83' lang='lat' dir='ltr'>c.</span> <span class='ocrx_word' id='word_1_313' title='bbox 1701 4875 1738 4946; x_wconf 87' lang='lat' dir='ltr'>p.</span> <span class='ocrx_word' id='word_1_314' title='bbox 1754 4857 1840 4933; x_wconf 75' lang='grc'>564.</span> <span class='ocrx_word' id='word_1_315' title='bbox 1868 4857 1886 4945; x_wconf 69' lang='grc' dir='ltr'><strong>ς</strong></span> <span class='ocrx_word' id='word_1_316' title='bbox 1913 4861 2000 4944; x_wconf 78' lang='grc'><strong>489.</strong></span> 
     </span>
     <span class='ocr_line' id='line_1_36' title="bbox 498 4954 980 5044; baseline 0.01 -27"><span class='ocrx_word' id='word_1_317' title='bbox 498 4955 542 5040; x_wconf 79' lang='lat' dir='ltr'>x)</span> <span class='ocrx_word' id='word_1_318' title='bbox 571 4957 691 5020; x_wconf 70' lang='lat' dir='ltr'>Sarna.</span> <span class='ocrx_word' id='word_1_319' title='bbox 720 4954 744 5020; x_wconf 81' lang='lat' dir='ltr'>l</span> <span class='ocrx_word' id='word_1_320' title='bbox 773 4977 803 5021; x_wconf 92' lang='lat' dir='ltr'>c.</span> <span class='ocrx_word' id='word_1_321' title='bbox 832 4976 867 5044; x_wconf 89' lang='lat' dir='ltr'>p.</span> <span class='ocrx_word' id='word_1_322' title='bbox 900 4959 980 5030; x_wconf 74' lang='lat'>254.</span> 
     </span>
    </p>
   </div>
   <div class='ocr_carea' id='block_1_2' title="bbox 498 5055 1164 5247">
    <p class='ocr_par' dir='ltr' id='par_1_11' title="bbox 498 5055 1164 5247">
     <span class='ocr_line' id='line_1_37' title="bbox 498 5055 1164 5146; baseline 0.003 -24"><span class='ocrx_word' id='word_1_323' title='bbox 498 5056 540 5144; x_wconf 77' lang='lat' dir='ltr'>p)</span> <span class='ocrx_word' id='word_1_324' title='bbox 567 5061 604 5122; x_wconf 90' lang='lat' dir='ltr'>B.</span> <span class='ocrx_word' id='word_1_325' title='bbox 633 5061 734 5124; x_wconf 74' lang='lat' dir='ltr'>Bau.</span> <span class='ocrx_word' id='word_1_326' title='bbox 762 5055 786 5126; x_wconf 88' lang='lat' dir='ltr'>l.</span> <span class='ocrx_word' id='word_1_327' title='bbox 818 5079 849 5123; x_wconf 92' lang='lat' dir='ltr'>c.</span> <span class='ocrx_word' id='word_1_328' title='bbox 875 5061 916 5122; x_wconf 91' lang='lat' dir='ltr'>T.</span> <span class='ocrx_word' id='word_1_329' title='bbox 944 5061 987 5124; x_wconf 90' lang='lat'>11.</span> <span class='ocrx_word' id='word_1_330' title='bbox 1014 5077 1049 5146; x_wconf 91' lang='lat' dir='ltr'>p.</span> <span class='ocrx_word' id='word_1_331' title='bbox 1081 5058 1164 5124; x_wconf 75' lang='lat'><strong>368.</strong></span> 
     </span>
     <span class='ocr_line' id='line_1_38' title="bbox 500 5159 1104 5247; baseline 0.003 -25"><span class='ocrx_word' id='word_1_332' title='bbox 500 5159 536 5244; x_wconf 78' lang='grc' dir='ltr'>ι)</span> <span class='ocrx_word' id='word_1_333' title='bbox 566 5163 715 5226; x_wconf 81' lang='lat' dir='ltr'>Baaarn.</span> <span class='ocrx_word' id='word_1_334' title='bbox 743 5159 766 5226; x_wconf 90' lang='lat'>1.</span> <span class='ocrx_word' id='word_1_335' title='bbox 795 5179 825 5226; x_wconf 87' lang='lat' dir='ltr'>c.</span> <span class='ocrx_word' id='word_1_336' title='bbox 852 5179 887 5247; x_wconf 90' lang='lat' dir='ltr'>p.</span> <span class='ocrx_word' id='word_1_337' title='bbox 906 5163 951 5244; x_wconf 78' lang='lat'>39</span> <span class='ocrx_word' id='word_1_338' title='bbox 980 5169 1017 5225; x_wconf 81' lang='lat' dir='ltr'>et</span> <span class='ocrx_word' id='word_1_339' title='bbox 1043 5173 1104 5235; x_wconf 82' lang='grc' dir='ltr'>4ο.</span> 
     </span>
    </p>
   </div>
   <div class='ocr_carea' id='block_1_3' title="bbox 498 5259 1841 5354">
    <p class='ocr_par' dir='ltr' id='par_1_12' title="bbox 498 5259 1841 5354">
     <span class='ocr_line' id='line_1_39' title="bbox 498 5259 1841 5354; baseline 0.004 -28"><span class='ocrx_word' id='word_1_340' title='bbox 498 5259 538 5348; x_wconf 77' lang='lat' dir='ltr'>a)</span> <span class='ocrx_word' id='word_1_341' title='bbox 565 5263 731 5332; x_wconf 77' lang='lat' dir='ltr'>Gumao.</span> <span class='ocrx_word' id='word_1_342' title='bbox 756 5267 852 5331; x_wconf 84' lang='lat' dir='ltr'>L’art</span> <span class='ocrx_word' id='word_1_343' title='bbox 876 5260 922 5330; x_wconf 89' lang='lat' dir='ltr'>de</span> <span class='ocrx_word' id='word_1_344' title='bbox 947 5262 1068 5350; x_wconf 67' lang='lat' dir='ltr'>guerin</span> <span class='ocrx_word' id='word_1_345' title='bbox 1095 5259 1149 5330; x_wconf 81' lang='lat' dir='ltr'>les</span> <span class='ocrx_word' id='word_1_346' title='bbox 1173 5261 1312 5352; x_wconf 78' lang='lat' dir='ltr'>playes.</span> <span class='ocrx_word' id='word_1_347' title='bbox 1344 5261 1393 5334; x_wconf 71' lang='lat'>82².</span> <span class='ocrx_word' id='word_1_348' title='bbox 1421 5263 1529 5328; x_wconf 78' lang='lat' dir='ltr'>Paris.</span> <span class='ocrx_word' id='word_1_349' title='bbox 1569 5275 1674 5350; x_wconf 78' lang='lat'><strong>¹74²·</strong></span> <span class='ocrx_word' id='word_1_350' title='bbox 1701 5281 1739 5354; x_wconf 88' lang='lat' dir='ltr'>p.</span> <span class='ocrx_word' id='word_1_351' title='bbox 1760 5280 1841 5332; x_wconf 73' lang='lat' dir='ltr'>rso.</span> 
     </span>
    </p>
   </div>
   <div class='ocr_carea' id='block_1_4' title="bbox 0 0 2476 6048">
    <p class='ocr_par' dir='ltr' id='par_1_13' title="bbox 0 0 2476 6048">
     <span class='ocr_line' id='line_1_40' title="bbox 0 0 2476 6048; baseline 0 4"><span class='ocrx_word' id='word_1_352' title='bbox 0 0 2476 6048; x_wconf 95' lang='lat' dir='ltr'> </span> 
     </span>
    </p>
   </div>
  </div>
 </body>
</html>
