4960 6054
513 573 1465 782 Ιιιιοθιιιιιιιιιι.

231 1050 280 1140 Si
312 1045 432 1140 forte
472 1053 523 1138 in
555 1067 679 1142 uasto
710 1056 1019 1174 immensoque
1053 1065 1370 1181 experientia·
1393 1099 1562 1190 campo,
1609 1081 1735 1168 tande
1782 1099 1950 1176 nostras

163 1195 368 1314 inprimis
401 1199 656 1330 Medicinae
690 1231 806 1292 nova
839 1207 889 1294 in
923 1210 1019 1298 dies
1050 1213 1140 1296 lux
1173 1215 1404 1328 maiorque
1446 1219 1635 1309 firmitas
1682 1232 1951 1324 observatio·

161 1347 298 1434 nibus
346 1359 511 1434 exacte
561 1348 782 1438 institutis
830 1356 1024 1470 accedit,
1076 1359 1163 1444 tale
1198 1361 1311 1471 quid
1343 1365 1493 1453 animo
1525 1371 1784 1488 obiiciatur,
1823 1387 1967 1494 quod‘
2056 1447 2066 1458 -

146 1515 264 1582 „etam
298 1492 509 1582 maiorem
546 1496 595 1610 in
628 1504 808 1584 modum
841 1498 1028 1591 afficiat:
1060 1505 1230 1618 ecquid
1261 1509 1446 1621 mirum,
1482 1513 1519 1599 si
1552 1517 1661 1602 huic
1693 1524 1830 1613 unice
1863 1531 1947 1642 rei,

162 1648 321 1754 utpote
371 1639 585 1750 gravioris
625 1646 860 1756 momenti,
896 1657 1014 1738 totus
1046 1650 1316 1766 inhaereat,
1332 1685 1575 1770 omnesque
1608 1665 1728 1755 vires
1760 1697 1856 1760 suas
1896 1677 1948 1766 in

160 1809 215 1868 ea
253 1789 596 1902 contemplanda
646 1793 1010 1906 explicandaque
1054 1811 1287 1910 exerceat,
1321 1831 1412 1914 quo
1445 1806 1580 1945 magis
1612 1801 1818 1902 altiorem
1852 1823 1948 1914 eius

159 1931 495 2042 indagationem
528 1963 603 2020 sua
635 1936 916 2050 aliorumque
956 1940 1173 2032 interesse
1216 1949 1397 2037 sentiet.
1430 1929 1549 2038 Inde
1598 1957 1733 2046 etiam
1781 1961 1948 2058 iactum
2037 1951 2040 1954 ⁵
2106 2019 2115 2030 -

160 2089 253 2186 est,
277 2088 346 2186 ut,
380 2106 480 2162 cum
513 2081 715 2168 mihim
731 2085 868 2198 praxi
893 2086 1113 2174 eiusmodi
1142 2117 1262 2178 casus
1278 2096 1478 2183 vulneras
1493 2112 1660 2212 pectus
1667 2116 1949 2222 penetrantis

158 2224 431 2335 obvenisset,
462 2227 737 2340 insimulque
791 2231 1050 2318 tractationi
1080 2235 1182 2322 eius
1213 2241 1399 2350 generis
1425 2246 1569 2329 morbi
1602 2251 1802 2342 assistere
1835 2263 1948 2350 mibi
1993 2297 2039 2342 .·

158 2369 255 2484 ipsi
278 2375 433 2462 datum
465 2383 593 2483 esset,
626 2375 823 2462 animum
854 2389 961 2474 ante
992 2379 1099 2468 alias
1130 2387 1188 2466 ad
1222 2386 1308 2469 boc
1340 2405 1649 2499 argumentum
1673 2425 1738 2485 ex
1756 2413 1948 2520 utraque

160 2515 389 2602 Medicina
422 2523 704 2631 depromtum
753 2526 1059 2633 adverterem,
1093 2527 1233 2639 idque
1267 2537 1518 2624 accuratius
1552 2545 1829 2662 examinare,
1862 2555 1949 2640 ela
1968 2665 1974 2676 .

160 2665 458 2776 boratumque
490 2666 673 2780 publice
712 2678 927 2780 tanquam
961 2674 1182 2789 specimen
1234 2655 1488 2768 industriae
1533 2715 1802 2804 proponere,
1851 2699 1947 2814 ipse

159 2808 398 2924 quidem
378 2809 525 2896 minus
558 2811 855 2922 exercitatus,
888 2816 1078 2904 aliorrun
1114 2832 1262 2910 tamen
1301 2851 1373 2912 me
1405 2829 1672 2944 peritiorum
1704 2839 1946 2958 indulgen·

106 2979 111 2989 ·
161 2959 224 3046 tia
255 2955 460 3066 fretus,
446 2985 496 3044 ιιι
529 2983 600 3044 me
633 2959 914 3074 susciperem

222 3119 414 3207 Assidue
447 3121 590 3234 igitur
622 3149 648 3206 a
681 3147 752 3205 me
787 3125 981 3211 evolutis
1013 3130 1212 3214 omnium
1240 3143 1496 3248 temporam
1529 3117 1706 3259 scriptis
1728 3115 1948 3272 praecipu·

159 3269 211 3376 is,
246 3293 350 3379 quae
384 3267 501 3351 hanc
533 3241 762 3351 materiam
797 3275 1221 3382 quomodocunque
1257 3280 1518 3395 attingunt,
1539 3313 1607 3396 ea,
1657 3321 1773 3404 quae
1821 3303 1946 3391 varie

155 3411 333 3501 averiis
349 3411 612 3498 auctoribus
623 3421 903 3524 naturaeque
921 3418 1246 3506 scrutatoribus
1262 3425 1404 3512 omnis
1420 3455 1519 3515 aeva
1507 3430 1632 3521 fide
1666 3439 1947 3561 dignissimis,

157 3569 370 3662 annotata
408 3559 723 3674 disputataquo
757 3558 824 3642 ibi
834 3559 1040 3678 reperii,
1057 3560 1107 3646 in
1124 3589 1265 3652 unmn
1284 3570 1514 3686 colligere,
1533 3578 1805 3698 insimulque
1823 3619 1947 3680 enar-

158 3705 353 3791 rationes
386 3707 640 3790 morborum
673 3713 722 3791 et
754 3704 1093 3818 disquisitiones
1124 3715 1693 3838 anatomicopathologicas
1742 3731 1948 3828 fideliter

158 3853 449 3964 consignatas,
481 3861 687 3937 accurate
721 3861 769 3936 et
801 3851 1018 3939 continua
1051 3855 1166 3942 serie
1200 3857 1325 3946 inter
1357 3888 1402 3948 se
1421 3871 1842 3991 comparare,atque
1860 3915 1947 3974 me·

157 3999 283 4083 lioris
302 4007 563 4114 conspectus
573 4021 716 4105 causa,
731 4021 804 4106 eo,
823 4020 919 4109 quo
931 3999 1053 4085 sibi
1038 4001 1234 4090 mvieem
1251 4013 1684 4108 succeduntordine.
1670 4007 1946 4141 proponere

155 4145 326 4255 studui,
358 4151 577 4256 quantum
608 4138 659 4227 i'd
690 4143 855 4228 virium
888 4171 1084 4230 mearum
1117 4157 1390 4238 censendum
1423 4153 1578 4250 suerit.
1611 4165 1803 4256 Praeter
1834 4178 1944 4266 haec

156 4293 293 4380 etiam
325 4291 377 4376 in
409 4315 464 4375 eo
496 4287 713 4399 laboravi,
729 4299 798 4396 ut
832 4288 867 4376 si
902 4297 1097 4402 quando
1116 4296 1287 4383 classici
1320 4310 1575 4394 auctores
1560 4319 1849 4406 1n·doctrina
1885 4331 1943 4411 de

157 4437 423 4526 uulneribus
439 4433 633 4552 pectoris
651 4431 996 4550 penetrantibus
1012 4437 1137 4524 inter
1152 4467 1197 4530 se
1230 4443 1552 4564 discreparent,
1587 4457 1637 4543 in
1671 4461 1943 4557 diversarum

156 4585 425 4700 opinionum
441 4581 638 4704 rationes
655 4581 951 4694 inquirerem,
972 4596 1236 4698 apparentes
1253 4597 1635 4688 contradictiones
1668 4635 1693 4690 a
1726 4615 1843 4701 veris
1861 4617 1944 4704 dis·

157 4755 405 4838 cernerem,
436 4751 617 4839 easque,
651 4736 868 4840 quantum
903 4729 1009 4813 lieri
1041 4742 1203 4844 posset,
1235 4741 1293 4822 ad
1323 4741 1524 4846 amussim
1560 4773 1825 4846 resonarem.
1859 4765 1944 4850 De·

155 4877 303 4987 nique
317 4877 429 4986 quid
446 4871 646 4959 auxilii
631 4897 682 4956 ιιι
715 4872 934 4960 eiusmodi
967 4875 1255 4990 laesionibus,
1286 4911 1369 4998 pto
1403 4913 1472 4998 eo,
1506 4895 1584 5002 qui
1618 4924 1743 4984 nunc
1761 4908 1944 5018 quidem

156 5023 338 5107 obtinet
369 5017 624 5104 Medicinae
659 5029 707 5104 et
740 5015 1010 5132 chirurgiae
1049 5033 1187 5134 statu,
1227 5030 1393 5118 nostris
1432 5035 1592 5125 diebus
1631 5045 1687 5128 ab
1726 5052 1833 5138 artis
1871 5083 1945 5169 pe·

157 5169 249 5252 rito
285 5163 522 5280 expectari
556 5165 708 5278 possit,
733 5171 982 5255 ostendere
1014 5171 1182 5260 curavi.

226 5311 285 5398 ln
321 5310 412 5408 tali
430 5319 583 5398 autem
614 5315 1043 5430 metrographiae
1083 5321 1375 5433 egosentio,
1405 5273 1546 5411 multa
1580 5327 1665 5415 iam
1713 5335 1946 5455 antiquata

1855 5541 1873 5592 1
