4960 6054
560 285 635 380 ‘u

1012 471 1124 528 xxvn

595 664 1127 760 HISTORIA
1192 665 1533 776 MORBI.

235 1017 391 1140 Ωιιιιιιι
424 1011 544 1100 forte
578 1039 680 1098 casu
713 1013 906 1124 quodam
940 1007 990 1092 in
1023 1001 1160 1125 praxi
1194 1007 1430 1094 incidente
1454 1017 1560 1130 ante
1578 1009 1682 1097 alias
1714 1017 1772 1098 ad
1796 1017 1959 1103 ¹vulne-

173 1191 221 1246 ra
254 1164 449 1276 pectoris
480 1159 764 1276 penetrantia
800 1154 1070 1268 diligentius¹
1100 1155 1401 1240 examinanda
1430 1155 1629 1271 animum
1662 1163 1957 1276 adverterem,

172 1337 267 1394 non
302 1305 580 1424 superfluum
612 1303 784 1421 putavi,
818 1312 926 1388 ante
948 1293 1108 1386 ¹omnia
1141 1303 1444 1387 narrationem
1479 1303 1574 1388 eius
1599 1301 1723 1413 facti,
1742 1321 1960 1418 quantum

172 1455 357 1564 quidem
391 1458 464 1540 hic
498 1453 603 1539 lieri
636 1461 799 1568 potest,
832 1449 1093 1565 ampliorem
1125 1449 1416 1564 praemittere,
1450 1448 1639 1562 aliisque
1658 1453 1876 1540 eiusmodi
1896 1455 1977 1541 cal

172 1602 291 1689 sibus
325 1603 611 1711 subiungere.

1708 1687 1712 1721 l

237 1765 376 1854 Anno
403 1775 532 1870 1801
571 1777 699 1881 pater
731 1791 869 1872 meus,
887 1788 1052 1850 summe
1085 1767 1384 1872 venerandus,
1404 1763 1710 1874 Collegiorum
1745 1765 1960 1854 Consilia·

176 1911 282 2024 rius,
333 1891 488 2002 Curiae
530 1911 809 2042 medicinalis
840 1927 925 2050 pro·
956 1910 1193 1994 Gubernio
1237 1903 1777 2000 Slobodsko·Ukrainensi
1827 1916 1962 2002 Char

172 2058 368 2146 kowiae
375 2040 636 2146 constitutae
652 2031 879 2174 inspector
897 2061 941 2142 ὰ
959 2083 1095 2167 eques
1112 2057 1186 2142 D‘.
1203 2051 1423 2145 Arrenius
1441 2057 1629 2168 onena,
1647 2087 1747 2143 cum
1764 2061 1890 2147 dies
1876 2089 1963 2148 ram

175 2205 225 2293 in
258 2234 442 2324 vespere
476 2207 735 2330 inclinaret,
754 2226 825 2290 me
855 2214 1080 2320 praesente
1109 2201 1320 2316 inspexit
1353 2206 1636 2294 vulneratum
1655 2209 1928 2318 quendam,
1913 2236 1965 2294 1n

176 2353 434 2452 cubiculum
469 2345 564 2439 eius
597 2381 623 2437 a
656 2353 830 2435 duobus
864 2350 950 2436 sibi
985 2347 1150 2461 ignotis
1184 2348 1456 2460 bominibus,
1489 2351 1732 2470 multisque
1765 2355 1863 2442 aliis
1890 2381 1964 2442 eos

175 2475 494 2604 comitantibus
519 2499 843 2616 introductum.
860 2495 951 2583 Hic
970 2497 1154 2610 quidem
1172 2495 1405 2605 sauciatus,
1424 2471 1601 2584 iubenis
1619 2509 1715 2585 erat
1732 2506 1966 2616 septende-

177 2651 263 2734 cim
297 2675 532 2753 annorum,
566 2641 739 2730 modica
773 2645 971 2758 corporis
1004 2652 1170 2730 statura
1188 2654 1235 2728 et
1253 2645 1579 2731 constitutione
1596 2645 1697 2730 satis
1722 2643 1831 2732 lorti
1855 2676 1967 2764 prae·

173 2795 311 2904 ditus,
345 2789 835 2878 nominabaturluulus
852 2789 1005 2899 Bussn,
1021 2791 1272 2901 agebatque
1291 2793 1622 2878 caementarium
1660 2793 1865 2882 tironem.
1901 2791 1966 2882 Si·

176 2943 292 3028 milis
325 2939 518 3048 mortuo,
551 2967 598 3024 os
616 2930 712 3023 eiu's
731 2917 829 3021 erat
843 2937 1077 3053 pallidum,
1093 2935 1399 3047 languidaque
1415 2965 1525 3024 voce
1546 2945 1725 3026 tandem
1744 2942 1854 3024 baec
1871 2966 1967 3024 ver·

177 3093 233 3174 ba
265 3086 472 3206 protulit:
506 3112 551 3170 se
584 3084 753 3199 lapsum
773 3081 973 3198 ‘corpore
1006 3082 1056 3165 in
1091 3083 1238 3164 limam
1272 3080 1497 3169 incidisse.
1533 3085 1650 3187 Quae
1683 3094 1833 3170 autem
1855 3113 1969 3201 prae·

160 3218 334 3322 'ter'ea
366 3259 475 3346 per
470 3227 817 3355 sciscitationes
836 3225 1074 3342 comperiri
1107 3235 1371 3339 potuerunt,
1403 3232 1460 3312 ad
1491 3229 1592 3312 haec
1626 3227 1722 3318 fere
1757 3233 1966 3316 redeunt:

179 3409 316 3526 quum
350 3401 514 3490 nempe
548 3375 598 3457 in
637 3399 703 3456 eo
737 3383 866 3480 esset,
900 3381 953 3456 ut
986 3399 1146 3457 serram
1183 3381 1447 3481 exacueret,
1498 3371 1546 3456 in
1581 3372 1760 3462 sinistro
1797 3377 1966 3462 tunicae

177 3528 397 3642 marsupio
431 3507 577 3607 limam
612 3519 734 3603 illam
768 3545 937 3605 sursum
970 3544 1121 3602 versus
1154 3516 1386 3625 directam,
1419 3520 1654 3602 manubrio
1681 3532 1839 3609 tenens
1871 3514 1973 3640 por?

182 3675 354 3782 tasisse,
388 3671 469 3756 ubi
502 3696 611 3754 vero
644 3675 830 3784 propter
862 3659 1169 3748 lubricitatem
1202 3661 1283 3749 soli
1322 3673 1430 3746 tunc
1470 3661 1638 3774 frigore
1693 3669 1845 3778 gelati,
1880 3671 1968 3785 lap

178 3849 249 3908 sus
281 3824 397 3936 pede
432 3825 562 3924 esset,
594 3814 744 3898 limam
778 3809 973 3897 infixam
1008 3809 1183 3924 corpori
1202 3807 1391 3896 haesisse.
1408 3809 1635 3897 Detractis
1668 3811 1837 3901 deinde
1871 3844 1969 3906 cau-

183 3981 226 4086 te
276 3967 373 4052 eius
420 3962 559 4080 partis
591 3957 883 4066 vestimentis,
916 3955 1091 4067 aliquot
1124 3955 1350 4066 sanguinis
1384 3965 1526 4064 guttae
1565 3956 1616 4040 in
1649 3960 1866 4046 subucula
1899 3961 1969 4076 a'p·

181 4140 385 4230 paruere,
418 4113 500 4194 hac
533 4133 641 4194 vero
675 4117 833 4214 amota,
867 4104 990 4187 inter
1023 4131 1185 4187 nonam
1219 4102 1498 4188 etdecimam
1516 4103 1684 4189 sinistri
1710 4106 1862 4192 lateris
1880 4135 1967 4191 cos·

184 4273 286 4370 tam,
320 4288 344 4342 a
377 4249 579 4372 supernis
612 4253 907 4357 numerando,
940 4248 1114 4336 loculus
1149 4250 1332 4361 quidem
1372 4275 1456 4333 sex
1488 4250 1729 4361 pollicibus
1777 4279 1803 4335 a
1843 4252 1967 4368 spina

181 4407 301 4494 dorsi
335 4416 383 4490 et
432 4429 593 4486 novem
643 4399 699 4484 ab
733 4398 873 4484 sterni
923 4423 1015 4481 osse
1050 4397 1231 4502 distans,
1283 4389 1541 4508 el'fususque
1575 4421 1717 4510 pauco
1750 4399 1966 4509 sanguine

181 4515 444 4670 conspectus
478 4558 558 4657 est,
592 4545 672 4630 ubi
708 4545 891 4655 quidem
924 4543 1071 4628 limam
1105 4543 1301 4628 infixam
1318 4541 1509 4648 haesisse,
1527 4541 1744 4630 sauciatus
1768 4543 1853 4630 sibi
1869 4573 1967 4662 per·

79 4709 83 4716 '
182 4702 408 4790 suadebat.
441 4687 657 4778 Attamen
691 4693 853 4777 vulnus
890 4701 974 4775 tam
1025 4689 1260 4800 exiguum,
1297 4699 1473 4799 tamque
1507 4689 1770 4774 adstrictum
1819 4718 1967 4808 reper-

184 4861 277 4934 tum
311 4855 392 4952 est,
426 4839 701 4951 utquisque
736 4835 868 4922 l'acile
902 4835 1147 4946 dubitaret,
1181 4833 1401 4920 eiusmodi
1433 4821 1782 4919 instrumentum
1815 4863 1967 4953 reapse

182 4999 273 5081 huc
304 5001 542 5107 penetrare
576 4983 787 5102 potuisse,
822 4981 935 5093 quin
957 4981 1116 5097 potius
1149 5007 1281 5065 nemo
1315 5010 1408 5066 non
1444 4985 1665 5089 crederet,
1699 4981 1847 5065 limam
1872 4981 1968 5091 qui·

185 5149 288 5230 dem
320 5138 448 5224 illum
482 5133 530 5217 in
565 5135 687 5248 lapsu
721 5129 898 5236 laesisse,
932 5155 1042 5211 mox
1076 5154 1183 5212 vero
1217 5154 1243 5212 e
1277 5129 1497 5242 marsupio
1515 5127 1722 5236 quolibet
1740 5129 1870 5210 modo
1889 5153 1970 5214 ex-

185 5287 357 5377 cidisse.
389 5281 590 5367 Tandem
623 5275 824 5365 vulneris
856 5275 1041 5392 propior
1074 5273 1303 5384 indagatio
1337 5274 1512 5360 omnem
1530 5269 1861 5359 dubitationem
1884 5302 1969 5360 sus·

1362 5435 1371 5451 ‘
1886 5445 1908 5500 a
