4942 6048
932 345 939 356 ⁹
1016 417 1104 527 145

161 655 341 733 rentem
372 671 468 730 non
501 645 689 754 sublato,
723 645 974 730 humectari
1009 645 1263 734 resolvente
1299 647 1384 734 hoc
1407 655 1746 762 ,medicamento
1785 685 1944 786 posset.

114 773 118 782 '
163 771 296 859 Tunc
332 777 511 859 tandem
545 775 643 856 loci·
667 773 844 858 dolores
879 784 1107 858 cesserunt
1140 783 1188 858 et
1221 789 1416 886 aegrotus
1444 786 1749 879 valetudinem
1766 802 1943 912 plenam

164 927 445 1016 recuperasse
477 902 699 986 confessus
731 896 814 1006 est,
847 901 1056 1013 exceptis
1088 901 1383 1016 respiratione
1414 907 1559 996 libera
1593 917 1954 1033 etpeotorissta?

166 1038 219 1114 td
250 1029 460 1138 naturali,
494 1033 618 1139 quod
649 1029 795 1112 adhuc
829 1026 954 1138 quasi
987 1031 1113 1135 orbe,
1146 1040 1226 1113 aut
1258 1031 1442 1120 vinculo
1477 1047 1667 1147 quodam
1702 1051 1825 1166 cingi
1858 1055 1944 1170 ipsi

163 1151 554 1244 vibebatur-Ad
578 1183 703 1241 usum
737 1154 969 1240 internum
1002 1155 1290 1242 emulsionem
1326 1187 1426 1245 osam
1457 1163 1550 1250 kalt
1584 1171 1751 1260 uitrico
1769 1191 1816 1262 et
1833 1185 1944 1270 rheo

161 1283 428 1396 praescripsi3
461 1311 542 1397 pro
573 1287 983 1397 potu-decoctum
1016 1282 1382 1393 mucilaginosum
1414 1294 1616 1382 radicum
1650 1302 1815 1390 althese
1864 1307 1944 1398 off.

164 1435 265 1493 cum
299 1409 488 1496 floribus
519 1409 686 1494 arnicas
719 1419 957 1496 montanae.

226 1535 448 1624 Omnibus
481 1537 668 1650 reliquis
700 1535 1039 1646 mutationibus,
1073 1565 1178 1650 quae
1212 1565 1350 1650 quum
1383 1547 1569 1638 minoris
1591 1562 1804 1645 momenti
1822 1577 1942 1676 sunt,

158 1689 257 1747 non
290 1663 587 1751 essentialiter
618 1668 676 1749 ad
709 1690 803 1748 rem
835 1675 1028 1749 nostram
1062 1675 1279 1780 spectant,
1312 1671 1494 1784 omissis,
1526 1678 1576 1764 id
1607 1689 1739 1769 modo
1772 1691 1849 1775 hic
1880 1703 1944 1778 at·

165 1790 341 1902 tingere
380 1791 677 1878 necessarium
708 1801 834 1905 puto,
883 1797 941 1878 ad
988 1819 1164 1878 omnem
1199 1798 1498 1886 remediorum
1533 1806 1711 1894 illorum
1736 1841 1861 1900 usum
1887 1831 1944 1905 et

163 1941 312 2002 curam
346 1929 600 2027 externam,
633 1924 766 2003 modo
799 1919 1026 2034 descripto
1066 1921 1336 2029 adhibitum,
1367 1931 1653 2042 ‚emphysema
1707 1941 1806 2054 plus
1839 1971 1944 2031 sem-

162 2070 246 2159 per
277 2047 450 2158 augeri,
500 2057 810 2156 aegrotumque
844 2043 1189 2131 viribus‘defici
1222 2048 1361 2134 visum
1397 2080 1502 2142 esse.
1537 2057 1676 2146 Immo
1709 2066 1844 2154 etiam
1871 2080 1942 2158 me'

162 2177 223 2258 de
256 2184 374 2259 statu
407 2174 503 2259 eius
536 2174 731 2258 maxime
764 2171 1004 2257 sollicitum
1052 2169 1186 2260 fuisse
1221 2186 1268 2259 et
1303 2187 1524 2287 quomodo
1564 2187 1768 2302 periculo
1810 2198 1944 2312 cripi·

162 2305 307 2386 endus
339 2301 412 2411 sit,
444 2301 687 2406 dubitasse,
705 2325 774 2384 me
792 2296 1025 2413 profiteor.
1063 2299 1208 2403 Quam
1241 2302 1363 2388 enim
1397 2308 1511 2394 viam
1537 2311 1806 2424 ingrederer
1823 2325 1942 2410 bene

162 2452 340 2541 sperans
374 2431 431 2512 de
465 2451 665 2514 successu
682 2430 701 2510 Ρ
718 2427 820 2512 Non
852 2443 1001 2536 unam,
1035 2429 1114 2512 sed
1145 2428 1297 2540 plures
1329 2443 1481 2542 costas,
1516 2463 1678 2551 easque
1711 2446 1813 2534 sitas
1845 2479 1942 2566 pro-

161 2554 288 2638 xime
322 2559 379 2640 ad
410 2555 709 2640 vertebralem
742 2555 992 2638 columnam
1038 2549 1198 2640 fractas
1231 2552 1397 2666 fuisse,
1430 2561 1622 2652 fortassis
1660 2572 1797 2658 etiam
1829 2573 1942 2690 frag-

161 2692 313 2766 menta
354 2681 514 2765 eloco
564 2681 824 2786 discessisse,
856 2679 1066 2790 lassoque
1114 2681 1328 2794 pulmone
1378 2690 1720 2802 emphysematis
1769 2727 1939 2789 causam

161 2807 387 2918 extitisse,
420 2805 730 2918 unusquisque
763 2803 896 2890 facile
930 2808 1152 2892 crederet.
1185 2807 1426 2920 Deligatio,
1461 2815 1572 2904 licet
1602 2833 1706 2934 apte
1723 2853 1941 2944 compara·

165 2942 207 3019 ta
239 2940 297 3020 ad
329 2935 445 3019 hanc
479 2935 817 3028 dislocationem
869 2933 1127 3042 tollendam,
1168 2961 1262 3018 non
1306 2937 1576 3032 sufficiebat.
1616 2946 1940 3070 Paracentesis,

83 3091 91 3115 ··
161 3089 293 3172 quam
327 3063 475 3147 vitalis
508 3061 743 3170 indicatio,
780 3071 872 3144 tum
904 3071 1090 3174 propter
1115 3065 1269 3146 adrem
1292 3062 1344 3147 in
1359 3068 1531 3179 pleuros
1549 3099 1672 3160 sacco
1691 3093 1940 3172 extravasa-

163 3199 256 3273 tum
289 3193 565 3276 avocandum
600 3209 774 3296 (5145),
809 3197 902 3271 tum
934 3195 1121 3300 propter
1153 3193 1355 3303 depressa
1385 3197 1699 3288 verosimiliter
1715 3219 1937 3296 costaruni

138 3315 407 3428 'fragmenta
441 3317 688 3402 eximenda
721 3335 758 3422 (ς
792 3336 875 3420 ¹28)
910 3317 1116 3422 urgebat,
1132 3315 1278 3400 morbi
1296 3343 1387 3404 esse
1422 3327 1940 3446 contraindicatio,sem·

158 3471 241 3556 per
289 3445 401 3530 mihi
449 3444 703 3528 videbatur:
736 3441 899 3554 partim
932 3441 1037 3552 quia
1071 3444 1409 3557 emphysemati,
1444 3459 1567 3560 quud
1602 3465 1744 3544 totum
1778 3492 1937 3580 corpus

161 3583 430 3687 occupasset,
464 3591 620 3682 magna
668 3567 849 3677 virium,
889 3595 982 3652 non
1017 3590 1080 3654 ex
1112 3571 1227 3656 aeris
1259 3577 1391 3658 modo
1423 3602 1574 3691 pressu
1607 3583 1657 3668 in
1689 3590 1936 3704 pulmones,

161 3704 239 3782 sed
272 3727 298 3784 e
331 3697 606 3812 provectiori
632 3695 808 3816 aegroti
847 3704 982 3780 astate
1024 3708 1188 3780 exorta
1226 3699 1437 3786 debilitas
1475 3723 1731 3821 accesserat,
1776 3721 1938 3832 partim

162 3851 285 3933 vero,
319 3826 426 3934 quia
459 3825 653 3908 fractura
686 3832 903 3906 costarum
937 3847 1030 3906 non
1063 3827 1195 3905 modo
1228 3823 1278 3905 in
1310 3827 1481 3940 postico
1515 3857 1666 3920 earum
1685 3849 1937 3949 quadrante

162 3970 199 4058 (ς
232 3971 319 4058 aas)
353 3953 432 4036 sed
463 3953 521 4033 ad
552 3951 802 4032 columnam
835 3974 1017 4058 quoque
1051 3950 1347 4036 vertebralem
1380 3955 1527 4040 locum
1561 3962 1772 4055 haberet..
1866 3963 1869 3980 ’

194 4075 315 4161 ¹Has
348 4103 500 4160 omnes
533 4075 883 4160 circumstantias
916 4077 1035 4161 bene
1066 4082 1353 4189 perpendens
1385 4083 1535 4170 animo
1554 4093 1750 4201 praevidi
1768 4096 1938 4184 tristem

158 4203 312 4289 mortis
346 4203 524 4287 exitum
558 4228 703 4288 senex
736 4198 1032 4286 suffocatione
1073 4202 1331 4289 habiturum
1365 4233 1470 4296 esse.
1504 4211 1667 4324 Itaque
1707 4223 1794 4305 arti
1844 4253 1938 4311 non

157 4329 395 4418 conlidens
428 4357 565 4441 quum
599 4331 777 4416 morbus
809 4329 894 4412 iam
914 4327 1107 4436 vicisset,
1123 4329 1258 4414 vitam
1277 4341 1684 4453 quomodocunque
1717 4350 1938 4460 prolatare

154 4466 206 4544 et
238 4467 398 4542 statum
431 4457 606 4568 aegroti,
640 4466 857 4568 quantum
891 4455 942 4538 iu
972 4483 1070 4542 mea
1087 4467 1199 4542 esset
1225 4471 1473 4573 potestate,
1506 4467 1652 4556 minus
1685 4474 1937 4564 dolorosum

155 4589 364 4694 reddere,
398 4590 518 4698 apud
550 4609 621 4669 me
654 4581 884 4670 constitui.
1636 4603 1641 4608 ’

218 4709 328 4796 Post
379 4711 514 4798 trium
563 4721 713 4796 autem
763 4709 939 4795 dierum
989 4713 1225 4796 decursum
1273 4741 1477 4804 crescere
1527 4727 1811 4840 emphysema
1860 4737 1935 4820 de·

152 4834 276 4948 siit.*l
317 4837 443 4922 Hinc
491 4863 587 4952 spes
636 4836 749 4922 mihi
781 4837 969 4946 affulsit,
1018 4835 1131 4949 fore,
1168 4836 1236 4924 ‘ut‘
1275 4853 1438 4930 natura
1469 4844 1657 4938 forsitan
1690 4855 1783 4971 ipsa
1828 4861 1961 4948 artis¹

150 5085 195 5174 a)
224 5082 335 5150 Simili
361 5083 481 5179 modo
498 5079 729 5174 emphysema
755 5085 909 5150 emmor
935 5091 1122 5172 postquam
1149 5093 1315 5152 exortum
1347 5099 1400 5156 est
1424 5109 1481 5158 una
1508 5109 1657 5182 obturo,
1684 5101 1822 5168 flamna
1847 5104 1938 5192 (ble-

222 5185 317 5252 dical
359 5185 602 5254 observatione
628 5183 698 5250 and
726 5185 908 5274 inquiries.
936 5183 1016 5250 Vol.
1047 5187 1114 5277 111)
1142 5205 1307 5275 escoron,
1334 5195 1533 5263 umnam.
1551 5215 1583 5265 ι.
1611 5215 1641 5262 c.
1662 5219 1705 5288 p.
1724 5205 1784 5290 58,
1810 5226 1936 5292 oumro

218 5290 292 5356 iam
315 5289 407 5378 risu,
434 5289 544 5360 buno
568 5307 659 5358 veto
683 5287 845 5356 imminui
870 5285 1045 5360 viderant·

1815 5474 1871 5562 19
