4942 6048
1386 447 1471 512 112

535 671 638 751 dem
672 655 797 774 quasi
831 646 1093 766 fricantesfi)
1130 647 1511 776 (durchschabenj
1543 649 1846 742 Rronsnlmr)
1888 659 1945 744 ad
1969 659 2058 764 hoc
2073 658 2329 774 manipula·

538 795 706 878 tionem
763 787 1060 890 commendat,
1107 809 1294 868 monens
1326 781 1600 892 chirurgum,
1633 794 1686 867 ut
1719 787 1774 868 ab
1807 784 2173 872 intercostalibus
2206 789 2327 872 inde

535 915 742 1003 musculis
774 914 838 998 ita
869 913 1125 1028 scalpellum
1159 913 1312 1020 ducat,
1344 909 1469 1020 quasi
1488 933 1555 992 ux
1571 933 1806 994 rmanroar
1840 937 1887 996 ra
1919 939 2108 998 ruarmo
2140 937 2328 997 axana-

536 1073 630 1130 uam
664 1069 805 1130 sauna
837 1066 1001 1127 vassus
1030 1033 1208 1158 (contre
1241 1031 1326 1154 soi)
1359 1034 1601 1122 sectionem
1635 1037 1849 1149 l'acturus3
1882 1050 1934 1123 nt
1968 1041 2151 1154 cuspide
2186 1051 2324 1126 caute

537 1173 722 1258 demissa
759 1168 932 1287 aperiat
969 1166 1171 1281 pleuram
1211 1174 1259 1250 et
1303 1162 1447 1274 digito
1487 1163 1645 1248 indice
1676 1166 1850 1278 cuspidi
1884 1167 2225 1280 superimposito
2246 1169 2321 1250 'ad

537 1301 677 1384 linem
711 1323 853 1409 usque
887 1293 1150 1378 incisionem
1182 1285 1603 1404 perficiat-Hunc
1628 1290 1677 1374 in
1701 1295 1880 1378 modum
1896 1293 2091 1408 pectoris
2108 1305 2322 1408 apertura

536 1437 727 1542 peracta.
747 1423 852 1508 coni
868 1419 1051 1505 formam
1090 1416 1293 1526 habebit,
1331 1417 1458 1530 apice
1493 1418 1676 1526 quidem
1709 1445 1787 1506 suo
1821 1417 1890 1538 (in
1922 1417 2098 1540 pleura)
2131 1447 2322 1534 parvum

535 1555 744 1670 pollicem
793 1549 994 1655 iunicum,
1027 1545 1324 1632 fundamento
1363 1553 1511 1627 autem
1545 1543 1610 1657 (in
1648 1546 1971 1656 integumentis
2003 1574 2054 1631 ac
2087 1543 2322 1666 musculis)

537 1687 662 1790 duos,
694 1679 769 1764 vel
804 1687 892 1762 tres
923 1681 982 1760 ad
997 1676 1179 1784 longum
1199 1663 1484 1758 efficientis')
1528 1669 1768 1758 Praeterea
1802 1667 2071 1783 anvarnus,
2105 1702 2196 1784 quo
2231 1701 2322 1793 επις

534 1807 761 1925 physema'
781 1803 915 1914 magis
948 1803 1211 1908 evitaretur,
1243 1797 1460 1882 minorem
1508 1799 1656 1884 adhuc
1705 1799 2003 1886 musculorum
2035 1801 2319 1910 incisionem,

537 1963 665 2046 quiam
702 1933 1118 2046 integumentorum
1150 1923 1386 2042 praefixit.
1843 1949 1847 1958 ·

1344 2093 1370 2205 ς
1408 2118 1510 2180 111.

603 2265 863 2355 Secundum
894 2261 1068 2373 regulas
1099 2285 1229 2373 supra
1261 2258 1425 2342 allatas
1445 2275 1503 2364 (tt
1536 2275 1717 2366 rog-iro)
1750 2257 1945 2373 pectoris
1961 2259 2197 2346 cavitatem
2221 2283 2321 2374 ape·

536 2397 659 2480 riens
691 2403 855 2477 amatu
872 2391 1103 2504 pulmones
1134 2384 1348 2470 laedendi
1380 2384 1575 2467 liberum
1607 2410 1653 2514 se
1678 2387 1940 2472 existimare
1964 2398 2126 2502 potest,
2142 2396 2320 2502 propte·

537 2523 613 2606 rea
662 2524 785 2629 quod
833 2541 1048 2628 organum
1085 2514 1221 2618 illud,
1254 2512 1290 2596 si
1325 2537 1425 2594 cum
1457 2509 1614 2624 pleura
1645 2537 1740 2597 non
1773 2515 2010 2624 coalescat,
2042 2513 2143 2620 vix,
2162 2523 2320 2629 aperto

536 2646 731 2762 pectoris
763 2673 871 2728 cavo
905 2653 953 2729 et
984 2639 1098 2726 aeris
1131 2637 1320 2723 externi
1351 2661 1527 2721 accessu
1559 2637 1707 2723 libero
1739 2639 1873 2746 lacto,
1890 2666 1982 2725 sese
2016 2641 2228 2726 retrahat.
2244 2639 2321 2722 Ni·

537 2773 780 2860 hilominus
800 2783 944 2888 tamen
966 2768 1278 2876 chirurgorum
1301 2761 1514 2849 nonnulli
1549 2765 1635 2848 hoc
1667 2794 1783 2851 vano
1815 2767 2022 2854 laesionis
2057 2768 2217 2852 timore
2252 2767 2320 2850 in-

498 2902 681 3010 ducti,
731 2902 937 3003 suadent,
985 2896 1203 3009 pleuram,
1256 2891 1465 3006 separatis
1506 2893 1716 2980 musculis
1749 2883 2126 3002 intereostalibus,
2158 2919 2320 3004 magno
2456 2983 2457 2996 .

536 3032 696 3114 obtuso
735 3026 921 3140 specillo
972 3017 1248 3130 transfigere.
1281 3017 1522 3105 Methodus
1554 3020 1739 3105 omnino
1772 3023 2161 3135 reprehendenda,
2195 3025 2322 3132 quod

536 3158 599 3244 sic
632 3156 788 3268 pleura
821 3149 954 3270 facile
985 3177 1011 3232 a
1044 3147 1216 3260 pariete
1248 3145 1443 3262 pectoris
1466 3145 1617 3254 avelli,
1649 3159 1786 3258 atque
1818 3175 1845 3234 e
1879 3149 2069 3233 vulnere
2102 3148 2183 3232 illo
2217 3174 2323 3230 con-

539 3293 636 3380 tuso
669 3274 963 3362 inflammatio
996 3276 1266 3359 membranae
1298 3273 1430 3360 simul
1463 3299 1565 3356 cum
1597 3276 1804 3362 omnibus
1835 3273 2102 3392 perniciosis
2126 3273 2324 3390 sequelis

538 3405 715 3494 exoriri
746 3413 909 3518 potest.

1338 3525 1364 3640 5
1402 3551 1504 3616 112.

602 3703 689 3788 Res
720 3706 967 3783 memoratu
999 3693 1212 3802 omnique
1247 3695 1473 3806 operantis
1507 3693 1707 3804 chirurgi
1740 3695 1997 3784 attentione
2047 3694 2320 3810 dignissima,

540 3841 606 3918 est
644 3829 905 3944 pulmonum
938 3849 1036 3905 eum
1071 3819 1225 3934 pleura
1260 3847 1314 3903 eo
1349 3819 1397 3904 in
1439 3822 1540 3904 loco
1589 3822 1836 3930 concretio,
1887 3851 1978 3934 quo
2027 3827 2320 3938 paracenthe-
2453 3897 2454 3906 ,

539 3958 608 4044 sin
659 3954 807 4040 facere
840 3949 1061 4060 gestimus.
1095 3943 1172 4029 Ad
1205 3974 1335 4056 quam
1368 3953 1688 4033 anectedentes
1721 3954 2087 4062 cognoscendam,
2120 3951 2320 4061 quamvis

536 4084 713 4168 nullum
748 4089 919 4164 certum
953 4072 1185 4158 criterium
1218 4075 1470 4182 habeamus,
1503 4085 1699 4159 attamen
1732 4101 1824 4158 eam
1860 4104 1960 4161 cum
1999 4079 2321 4192 probabilitate

536 4212 648 4295 inde
682 4207 990 4316 conjecturare
1023 4227 1261 4314 possumus,
1294 4199 1330 4284 si
1361 4201 1533 4314 pleura,
1567 4201 1672 4285 alias
1704 4201 1887 4311 quidem
1919 4229 2002 4320 per
2024 4230 2070 4290 se
2089 4205 2238 4290 tenuis
2270 4233 2322 4290 ac

538 4335 766 4452 pellucida
797 4333 1067 4436 membrana,
1117 4327 1247 4440 spissa
1279 4333 1508 4440 appareat,
1537 4327 1573 4412 si
1607 4325 1775 4438 digitus
1825 4333 2055 4416 denudato
2094 4333 2195 4417 loco
2244 4331 2322 4416 im·

538 4461 725 4579 positus,
772 4487 871 4543 non
919 4481 1108 4538 vacuum
1141 4453 1284 4560 illum,
1334 4457 1412 4539 sed
1444 4459 1607 4538 durum
1640 4454 1867 4566 latiusque
1907 4483 1952 4542 se
1987 4463 2322 4544 extendentem

431 4691 437 4704 ι
539 4589 721 4695 sentiat,
756 4585 790 4670 si
832 4583 1085 4668 membrana
1119 4579 1242 4663 inter
1274 4580 1612 4696 respirationem
1652 4607 1752 4665 oum
1783 4585 1997 4698 pulmone
2045 4585 2177 4672 simul
2210 4615 2322 4672 com·

538 4875 579 4964 q)
607 4875 773 4940 B.0Bau.
800 4889 829 4934 r.
857 4889 888 4934 c.
916 4868 957 4932 Τ.
984 4869 1028 4931 11.
1054 4883 1079 4950 p
1110 4863 1194 4948 576.

537 4979 573 5068 r)
600 4979 813 5042 chaaaarn.
842 4971 995 5052 Nosogr.
1025 4963 1180 5050 chirurg.
1208 4986 1238 5030 ι..
1266 4983 1297 5030 c.
1325 4967 1365 5032 T.
1392 4969 1454 5031 111.
1482 4987 1520 5056 p.
1541 4969 1623 5035 165.

539 5079 575 5168 a)
600 5083 817 5246 ἬἭ.
833 5091 911 5240 pcc.
924 5071 1242 5260 ρΤὸοῙ-Ῑ-Κέοιιδτέἒ.
1252 5066 1571 5160 Anfangsgrueude
1585 5067 1651 5142 der
1665 5069 2030 5162 Wundarzneyxunst
2042 5093 2081 5166 p.
2099 5075 2172 5142 568
2186 5073 2206 5164 5
2231 5073 2321 5162 495.

538 5283 570 5374 t)
603 5285 782 5349 Ravaror.
809 5275 834 5344 l.
861 5293 893 5344 c.
919 5295 956 5364 p.
974 5277 1057 5342 228.
1164 5351 1178 5374 ¹
