4942 6048
1040 415 1099 500 65

925 527 929 570 t
1028 583 1042 596 ,
1202 592 1207 601 ¹
1337 592 1342 606 ι
1444 513 1551 588 ,Ψ
1946 602 1950 612 1

241 677 283 735 2.
327 637 557 732 Lame)
601 642 844 754 aliquando
884 651 1022 728 strato
1060 638 1223 757 prioris
1260 633 1560 742 musculorum
1597 611 1950 743 inteicosuliun

164 772 316 860 'solum
348 778 541 879 ademto,
575 772 690 856 viam
723 772 817 856 sibi·
843 773 901 852 ad
931 771 1091 854 laesam
1123 767 1331 853 arteriam
1364 771 1542 884 aperuit
1575 783 1623 857 et
1655 778 1802 864 statim
1841 785 1951 868 deli-

173 903 399 1012 gationem
431 927 516 1014 ope
550 901 706 984 solitae
738 902 842 982 aeds
876 896 1136 980 incurvatae
1170 923 1272 978 cum
1305 921 1519 980 successu
1538 899 1744 1012 perfecit.

135 1111 157 1140 ,
241 1035 283 1115 5.
316 1017 543 1140 Assanrnr)
587 1031 645 1108 ad
677 1024 869 1108 arteriae
902 1023 1035 1130 hujus
1051 1022 1312 1131 ligationem
1349 1024 1608 1136 nuperrime
1626 1035 1952 1128 commendavit
1993 1130 1998 1140 ,

171 1177 301 1238 acum
316 1173 416 1272 'pro
447 1145 740 1266 anevrjsmate
774 1149 825 1234 in
844 1177 928 1242 suo
960 1159 1172 1262 apparatu
1205 1146 1446 1280 portatilh
1553 1179 1559 1187 ’
1911 1179 1916 1186 ·

979 1313 1019 1427 g
1060 1312 1133 1398 ss.

240 1485 392 1590 Quum
410 1485 566 1597 ,igitur
597 1507 883 1596 nequaquam¹
896 1503 1109 1590 negemus
1142 1476 1231 1562 vim
1264 1480 1498 1565 salutarem
1532 1477 1765 1596 ligaturae,
1803 1501 1895 1577 tum
1927 1522 1959 1580 a

173 1613 309 1726 plena
348 1613 625 1728 separatione
665 1612 863 1693 internae
902 1635 952 1690 ac
992 1605 1155 1690 mediae
1192 1605 1306 1690 vasis
1345 1609 1549 1714 arteriosi
1586 1614 1768 1724 tunicae,
1803 1627 1896 1704 tum
1928 1651 1955 1706 a
2035 1641 2041 1648 ·

174 1751 330 1824 mutua
368 1741 545 1822 illarum
593 1735 934 1850 superficierum
988 1733 1200 1817 laesarum
1242 1733 1538 1843 cohaesione,
1581 1745 1674 1820 turn
1715 1761 1897 1854 quoque
1930 1773 1957 1832 a

176 1866 435 1976 sanguineae
469 1859 776 1970 circjilationis
807 1859 1142 1972 interceptione
1174 1883 1258 1980 per
1289 1853 1584 1946 interclusum
1618 1867 1814 1952 canalem
1846 1897 1955 1984 pen·

176 1995 305 2100 dere,
337 2016 490 2101 neque
525 1989 674 2094 etiarn,
707 1988 941 2096 ligaturam
975 1984 1067 2070 sive
1102 1986 1260 2068 multas
1292 1995 1439 2098 partes
1457 1991 1844 2104 complectentem,
1861 1999 1955 2084 sive

175 2116 326 2225 latam,
361 2120 627 2230 planamque
667 2114 958 2218 existentem,
994 2137 1077 2225 per
1109 2109 1376 2194 uniformem
1410 2113 1649 2200 laesionem
1683 2129 1730 2203 et
1762 2125 1955 2210 arteriae

177 2243 546 2358 compressionem
578 2269 623 2326 se
656 2239 939 2324 manifestare
971 2263 1111 2352 posse3
1144 2247 1340 2322 attamen
1358 2236 1486 2323 simul
1505 2267 1686 2350 quoque
1706 2255 1956 2336 conceden.
1988 2287 1993 2294 ·

177 2376 284 2456 dum
319 2379 400 2476 est,
433 2371 679 2474 methodos,
713 2393 819 2475 quas
852 2375 904 2447 ut
944 2363 1151 2471 vidimus,
1184 2363 1459 2474 immediata
1508 2367 1698 2476 ligaturi
1748 2383 1796 2458 et
1845 2403 1959 2460 com.

178 2496 403 2609 pressione
445 2495 650 2590 fundatas
700 2494 791 2576 esse
840 2519 934 2574 non
983 2487 1194 2575 sufficere
1244 2495 1301 2574 ad
1348 2505 1681 2602 permanentem
1732 2502 1957 2610 sanguinis

179 2621 365 2706 sistendi
398 2621 631 2716 rationem.
681 2615 820 2700 Hunc
870 2616 1086 2724 ejusmodi
1136 2641 1351 2726 generum
1399 2619 1693 2726 delegationis
1743 2623 1957 2722 effectum

180 2749 543 2855 asculanensis,
575 2735 957 2828 eno'aucnamcun
989 2767 1093 2834 esse,
1127 2742 1213 2848 jam
1248 2767 1310 2825 ex
1338 2740 1421 2824 illa
1440 2746 1592 2853 regula
1609 2759 1808 2860 apparet,
1824 2781 1958 2862 quam

178 2900 296 2959 unus
330 2875 523 2986 quisque
555 2871 640 2958 sibi
660 2895 817 2954 cavens
849 2869 900 2951 in
933 2869 1106 2952 Lunum
1139 2870 1350 2952 methodo
1383 2869 1617 2956 observare
1650 2876 1788 2966 dehet
1805 2875 1958 2995 (quam

181 3001 366 3111 quidem
399 2997 785 3108 methodumripse
818 2992 870 3080 B.
904 2971 1030 3076 llam.
1062 2992 1271 3106 optimam
1297 3020 1395 3078 -esse
1429 2994 1479 3078 in
1513 3022 1566 3079 eo
1599 3025 1700 3083 casn
1716 3001 1904 3113 judicat,
1922 3005 1958 3091 si

182 3117 298 3238 quid
330 3126 641 3210 extrahendae
675 3131 723 3206 et
756 3119 1020 3229 deligandae
1053 3118 1243 3202 arteriae
1277 3114 1458 3242 obstet),
1475 3118 1603 3206 filum
1635 3151 1800 3252 nempe,
1829 3157 1960 3244 supra
2050 3205 2066 3234 Ἰ.

117 3343 126 3352 ,
181 3274 252 3362 (Α.
279 3275 347 3340 ras.
364 3272 418 3354 5.)
447 3257 691 3334 memorato
723 3250 855 3330 modo
889 3242 1157 3360 impositum,
1168 3271 1266 3326 non
1282 3245 1407 3357 prius
1422 3247 1683 3333 solvendum
1703 3280 1808 3361 esse,
1826 3283 1959 3364 quam

183 3389 287 3461 octo
321 3377 481 3462 diebus
513 3371 839 3488 praeterlapsis,
888 3371 969 3452 ubi
1003 3368 1176 3454 scilicet
1213 3371 1436 3454 observari
1485 3385 1646 3486 potest,
1679 3393 1831 3464 annon
1872 3385 1960 3465 hae·
2067 3399 2071 3408 '

4 3529 8 3538 ’
108 3577 113 3584 .
183 3504 433 3614 morrhagia
465 3503 551 3610 jam
585 3497 834 3604 cessaverit,
867 3522 1018 3579 annon
1052 3495 1138 3577 hoc
1172 3495 1356 3606 quidem
1390 3523 1505 3607 casu,
1547 3501 1593 3598 si,
1608 3529 1768 3622 nempe
1786 3510 1960 3618 sanguis

185 3629 350 3714 iterum
383 3652 672 3742 prorumpere
706 3621 973 3738 incoeperit,
1006 3619 1168 3730 filum,
1218 3623 1335 3706 sicut
1367 3633 1515 3732 antea,
1547 3625 1743 3716 firmiter
1776 3635 1982 3753 conarri-¹

187 3767 322 3865 ctum,
356 3783 503 3840 rursus
535 3757 617 3867 per
649 3762 751 3835 octo
782 3749 880 3862 dies
913 3749 1141 3830 intactum
1165 3747 1445 3858 relinquitur
1478 3761 1526 3835 et
1558 3751 1988 3868 slepand-Lmen.

186 3883 236 3966 in
271 3908 387 3987 casu,
422 3907 555 3988 quem
587 3878 748 3961 Panna
780 3875 1011 4009 nobiscum
1034 3873 1393 3981 communicavit,
1410 3903 1503 3958 non
1534 3879 1674 3994 prius,
1694 3879 1960 3996 qua‘mvige·
2069 3897 2073 3906 '

186 4009 294 4094 sirno
327 4016 459 4092 sexto
493 4005 568 4088 die
600 4004 835 4114 ligaturam
865 3998 1100 4114 praecidit.
1340 4020 1344 4096 j
2018 4105 2025 4116 .

253 4135 391 4236 Quod
422 4132 458 4217 si
487 4131 625 4214 'etiam
658 4129 833 4212 nullum
855 4129 1118 4239 ‘respectum
1159 4123 1513 4238 imperfectionis
1566 4131 1662 4240 eius
1711 4136 1961 4248 habeamus,

191 4235 338 4345 tamen
370 4285 521 4342 omnes
553 4255 712 4368 prioris
746 4253 921 4362 generis
952 4252 1151 4364 prolatae
1184 4253 1402 4361 methodi,
1437 4254 1487 4340 in
1522 4257 1685 4366 quibus
1709 4259 1962 4350 interarte·

113 4464 118 4484 ,
187 4391 282 4476 riae
317 4382 635 4496 deligationem
667 4380 799 4464 simul
841 4349 959 4464 costh
992 4405 1173 4488 quoque
1205 4377 1288 4464 filu
1322 4379 1503 4491 ligatur,
1536 4387 1782 4470 necessario
1815 4401 1996 4502 posuc-

187 4517 285 4620 lant
319 4514 449 4620 hujus
482 4508 586 4593 ossis
618 4503 991 4610 denudationem,
1025 4514 1078 4587 ut
1111 4503 1254 4590 fibrae
1297 4531 1502 4591 carnosae
1519 4535 1614 4591 non
1628 4511 1880 4622 putrefiant
1911 4505 2010 4608 eta,

187 4643 378 4752 ligatura
395 4637 608 4722 remittat.
626 4632 865 4717 Praeterea
883 4627 963 4712 filo
997 4639 1228 4716 contractu
1260 4633 1417 4746 pleura
1450 4659 1622 4748 semper
1655 4640 1961 4754 comprimitur

189 4780 239 4860 et
270 4767 377 4880 ipsu,
409 4766 532 4848 unde
566 4763 641 4844 has
673 4759 905 4844 methodos
922 4758 1187 4872 plerumque
1203 4757 1600 4874 periculosissimae
1618 4761 1961 4879 irritationisse-
2009 4837 2012 4846 ,

189 4991 701 5020 ---——----
835 4989 837 4996 .

188 5114 230 5204 q)
258 5113 407 5193 tumr.
432 5125 461 5170 ι..
489 5122 520 5168 c.
547 5105 587 5166 T.
614 5045 650 5166 1.
672 5097 818 5188 (1815).
845 5117 880 5186 p.
898 5099 981 5170 658.

194 5219 229 5308 r)
257 5185 426 5279 nss'unc
457 5227 487 5274 ι..
514 5222 546 5272 c.
572 5224 608 5293 p.
627 5203 685 5290 69.
712 5199 800 5268 Tah.
827 5203 878 5266 111
904 5195 969 5286 fig,
1001 5221 1056 5266 aa.
