4942 6048
840 415 1093 523 ··⁵r

163 647 378 763 inprimis
409 645 533 736 iacit»
550 654 608 736 ad
641 646 763 732 illam
784 668 786 676 '
804 671 934 759 quam
969 623 1204 730 celerrime
1238 643 1549 756 inhibendam,
1589 654 1647 748 ad
1680 649 1895 764 aegrotum
1915 685 1954 760 ‚a

171 776 372 860 maximo
406 777 598 888 qudque,
626 774 853 886 sanguinis
901 771 1107 858 arteriosi
1139 771 1420 864 detrimento,
1461 784 1837 889 praeservandam,
1881 787 1954 869 de·

171 902 316 1012 nique
349 907 406 987 ad
440 902 846 990 extravasationem
878 898 929 985 in
960 897 1155 1013 pectoris
1199 926 1384 1009 cavum,
1434 899 1743 1024 cuiuscunque
1777 911 1953 1017 generis

173 1029 247 1138 sit,
280 1029 626 1144 impediendam,
658 1031 754 1138 vel,
788 1027 913 1113 ubi
899 1054 987 1135 Jam
1020 1036 1116 1110 orta
1152 1037 1233 1133 est,
1265 1025 1518 1114 sistendam.
1552 1029 1657 1132 Quo
1681 1033 1815 1144 magis
1846 1061 1954 1122 vero

171 1155 296 1240 bunc
329 1153 470 1244 finem
503 1158 636 1242 citius
671 1157 902 1291 tutiusque
952 1179 1290 1280 consequamur,
1328 1155 1453 1268 prius
1491 1157 1824 1271 explorandum
1874 1175 1955 1272 est,

172 1287 400 1393 quodnam
447 1294 650 1398 apertum
688 1309 762 1370 vas
810 1280 1063 1423 proximam
1111 1282 1429 1391 haemorhagiae
1478 1311 1648 1368 causam
1699 1288 1955 1376 constituat.
2086 1262 2103 1378 ’.

177 1408 295 1512 Quae
327 1437 443 1520 cum,
479 1421 687 1521 tanquam
720 1436 790 1494 res
821 1407 973 1520 magni
1006 1407 1238 1516 momenti,
1269 1408 1498 1523 praecipui
1530 1411 1786 1498 attentione
1819 1414 1956 1524 digua

173 1531 231 1620 sit
264 1549 311 1622 et
344 1538 464 1621 intra
496 1539 604 1622 artis
635 1537 802 1624 limites
836 1537 1255 1650 comprehendatur,
1289 1561 1314 1622 e
1356 1537 1648 1646 sequentibus
1681 1541 1791 1628 vasis
1806 1541 1957 1652 uorigi·

173 1687 278 1757 nem
301 1668 468 1748 ducere
501 1676 661 1778 potest:

237 1787 301 1906 A)
335 1817 403 1874 nx
437 1816 756 1876 ruruucosusm
788 1814 1018 1897 aunuum,

100 1973 112 1984 -
239 1915 298 2034 B)
332 1946 361 2002 n
393 1939 516 2002 assu¹
541 1942 875 2004 ruuumamnus
908 1913 985 2036 (de
1019 1915 1196 2028 quibus
1215 1915 1267 2000 in
1299 1916 1447 2034 capite
1480 1922 1539 2002 de
1566 1919 1831 2032 pulmonum
1863 1923 1958 2005 vul·

174 2042 361 2130 neribus
396 2040 698 2160 tractabimus)
733 2054 780 2128 et

238 2165 297 2290 C)
329 2194 398 2257 ux
430 2194 644 2258 auruum
674 2193 946 2255 maumam
977 2189 1187 2270 munus.

418 2291 497 2416 A.)
529 2298 617 2382 Du·
645 2320 913 2382 usnemun
945 2318 1234 2414 annuarum
1272 2321 1716 2388 ruuuucosrnurs.

999 2457 1133 2575 557.

889 2589 1254 2656 Occursus

239 2727 385 2818 Laesio
416 2727 598 2816 arteriae
631 2725 975 2814 intercostalis
960 2755 1011 2811 1u
1052 2727 1248 2842 pectoris
1295 2727 1561 2813 vulneribus
1608 2755 1704 2814 uon
1750 2741 1835 2816 tam
1874 2731 1961 2822 ire·
2007 2795 2010 2804 .

177 2883 321 2968 quens
353 2853 567 2964 occurrit,
600 2883 731 2966 quam
764 2853 1001 2968 expectari
1033 2865 1225 2968 possets
1207 2853 1376 2938 Natura
1393 2855 1513 2940 enim
1547 2881 1647 2940 cum
1679 2868 1879 2944 materna
1898 2889 1962 2948 so·

176 2984 361 3070 lertia
347 3009 398 3067 m
430 2993 601 3070 secreto
636 2985 827 3090 quodam
860 2981 961 3065 loco
994 3007 1067 3066 vas
1099 2983 1186 3064 hoc
1218 2966 1442 3066 abdidisse
1474 2981 1684 3092 videtur,
1716 2995 1770 3068 ut
1804 2973 1962 3074 contra
2059 3007 2064 3018 ’

177 3119 419 3197 externam
451 3108 713 3192 violentiam
747 3105 970 3188 munitum
1002 3115 1129 3191 esset.
1162 3107 1291 3192 Loms
1299 3101 1567 3217 iobservat,
1599 3101 1727 3222 plura
1768 3107 1961 3202 fortassis

177 3235 547 3344 haemorrhagiam
564 3260 627 3317 ex
646 3235 728 3316 hac
760 3231 925 3314 arteria
958 3231 1146 3318 sistendi
1180 3231 1375 3316 remedia
1410 3227 1684 3343 excogitata,
1705 3263 1837 3347 quam
1869 3267 1963 3326 cer·

181 3375 226 3448 ta
261 3362 456 3448 laesionis
491 3358 691 3444 eiusdem
722 3359 932 3471 exempta
964 3355 1214 3476 (examples
1248 3357 1356 3442 bien
1389 3356 1591 3477 aversas)
1630 3363 1821 3472 ,cognita
1855 3393 1961 3454 esse.

178 3489 365 3578 Peritos
415 3481 641 3570 Humum)
693 3493 924 3590 asseverat,
973 3487 1060 3568 hoc
1111 3510 1183 3568 vas
1214 3509 1499 3594 nequaquam
1552 3495 1639 3570 tam
1687 3515 1803 3603 saepe
1837 3493 1961 3602 laedi,

179 3645 312 3732 quarn
346 3605 527 3727 quidam
559 3623 762 3697 auctores
793 3611 923 3694 nobis
955 3615 1223 3726 persuadere
1270 3613 1446 3698 volunt.
1494 3611 1670 3699 Revera
1710 3615 1963 3704 mirandum

180 3753 263 3852 es't,
298 3746 421 3830 inter
452 3739 610 3824 multas
642 3738 836 3852 pectoris
869 3735 1087 3844 laesiones,
1124 3748 1217 3822 tum
1249 3739 1305 3822 ab
1339 3739 1452 3846 aliis,
1489 3748 1581 3823 tum
1616 3739 1897 3830 aTuomsoun
1915 3757 1963 3832 et

183 3872 474 3962 Sounuvmnu
507 3875 618 3978 post‘
637 3866 823 3982 poelium
854 3891 992 3978 prope
1034 3863 1261 3948 Waterloo
1302 3864 1352 3948 in
1385 3863 1662 3952 Britannicis
1693 3870 1963 3962 militaribus

179 3996 444 4086 nosocomiis
476 3990 650 4100 Belgica
682 3994 946 4096 observatas,
978 4013 1164 4076 aunuum
1196 4017 1453 4076 uxnunuuu
1470 3991 1767 4079 intercostalis
1783 3999 1962 4082 arteriae
2012 4003 2033 4092 ‘.

181 4125 251 4246 (et
283 4118 548 4208 mammariae
580 4101 786 4236 interrae)
818 4116 1029 4229 primario
1062 4117 1196 4228 laesae,
1215 4115 1501 4204 sufficienter
1517 4105 1865 4206 demonstratum
1898 4117 1965 4210 iu·

179 4245 318 4342 isse).
464 4267 468 4274 ’

226 4382 486 4466 Interdum
518 4403 583 4464 ex
617 4371 895 4458 intercostali
928 4347 1107 4478 arteria,
1141 4369 1346 4516 inprimis
1379 4371 1430 4456 in
1463 4371 1736 4487 sclopetariis
1768 4377 1964 4464 vulneri·

181 4511 280 4620 bus,
313 4509 460 4592 oritur
492 4500 752 4591 secundaria
786 4500 1125 4611 haemorrbagia,
1160 4526 1264 4610 quae
1286 4499 1336 4583 in
1370 4499 1521 4584 multis
1537 4497 1842 4590 occasionibus
1866 4531 1964 4592 sero

181 4639 419 4723 admodum
452 4633 657 4717 accidere
691 4637 850 4741 potest.
882 4625 1002 4714 Talis
1034 4625 1297 4714 secundaria
1329 4625 1651 4770 haemorrhagia
1683 4629 1868 4720 exstitit
1888 4635 1964 4720 ali·

183 4766 365 4914 quando
398 4787 492 4844 non
524 4757 647 4872 prius
681 4756 756 4840 die
790 4751 963 4838 decima
995 4745 1212 4864 quintet).

181 4929 489 5020 )D1ct:10nnaue
516 4925 580 4992 des
607 4925 735 4989 scisne.
762 4917 927 4990 medicat
954 4923 1045 4986 Tom
1071 4921 1187 4986 xtlv.
1213 4941 1251 5006 p.
1270 4940 1325 4986 ιι.

181 5029 741 5124 w)1.Hmnm.r.c.p.599.

186 5139 229 5226 x)
256 5138 435 5200 Tuousou.
462 5151 494 5200 r..
521 5149 552 5195 c.
572 5150 607 5218 p.
623 5149 685 5218 7¹·

187 5240 229 5330 y)
256 5241 390 5304 lurum
