<?xml version="1.0" encoding="UTF-8"?>
<!DOCTYPE html PUBLIC "-//W3C//DTD XHTML 1.0 Transitional//EN"
    "http://www.w3.org/TR/xhtml1/DTD/xhtml1-transitional.dtd">
<html xmlns="http://www.w3.org/1999/xhtml" xml:lang="en" lang="en">
 <head>
  <title>
</title>
<meta http-equiv="Content-Type" content="text/html;charset=utf-8" />
  <meta name='ocr-system' content='tesseract 3.04.00' />
  <meta name='ocr-capabilities' content='ocr_page ocr_carea ocr_par ocr_line ocrx_word'/>
</head>
<body>
  <div class='ocr_page' id='page_1' title='image "./tractatusdevuln00mayegoog_0029.png"; bbox 0 0 4960 6054; ppageno 0'>
   <div class='ocr_carea' id='block_1_1' title="bbox 1378 419 1431 474">
    <p class='ocr_par' dir='ltr' id='par_1_1' title="bbox 1378 419 1431 474">
     <span class='ocr_line' id='line_1_1' title="bbox 1378 419 1431 474; baseline 0 0"><span class='ocrx_word' id='word_1_1' title='bbox 1378 419 1431 474; x_wconf 62' lang='lat' dir='ltr'><strong>ii!</strong></span> 
     </span>
    </p>
   </div>
   <div class='ocr_carea' id='block_1_2' title="bbox 507 599 2302 1791">
    <p class='ocr_par' dir='ltr' id='par_1_2' title="bbox 507 599 2302 1791">
     <span class='ocr_line' id='line_1_2' title="bbox 507 599 2298 732; baseline -0.001 -32"><span class='ocrx_word' id='word_1_2' title='bbox 507 619 600 732; x_wconf 90' lang='lat' dir='ltr'><strong>Quo</strong></span> <span class='ocrx_word' id='word_1_3' title='bbox 629 641 812 698; x_wconf 76' lang='lat' dir='ltr'><strong>rasarone</strong></span> <span class='ocrx_word' id='word_1_4' title='bbox 850 617 901 696; x_wconf 92' lang='lat' dir='ltr'><strong>ad</strong></span> <span class='ocrx_word' id='word_1_5' title='bbox 932 615 1202 720; x_wconf 81' lang='lat' dir='ltr'><strong>paracentesin</strong></span> <span class='ocrx_word' id='word_1_6' title='bbox 1231 614 1435 694; x_wconf 86' lang='lat' dir='ltr'><strong>indicatam</strong></span> <span class='ocrx_word' id='word_1_7' title='bbox 1465 615 1662 696; x_wconf 78' lang='lat' dir='ltr'>accedere</span> <span class='ocrx_word' id='word_1_8' title='bbox 1689 599 1891 694; x_wconf 76' lang='lat' dir='ltr'><strong>debemus.</strong></span> <span class='ocrx_word' id='word_1_9' title='bbox 1922 617 2091 702; x_wconf 80' lang='lat' dir='ltr'><strong>Difficile</strong></span> <span class='ocrx_word' id='word_1_10' title='bbox 2123 631 2183 694; x_wconf 83' lang='lat' dir='ltr'><strong>est</strong></span> <span class='ocrx_word' id='word_1_11' title='bbox 2224 617 2298 698; x_wconf 85' lang='lat' dir='ltr'><strong>baa</strong></span> 
     </span>
     <span class='ocr_line' id='line_1_3' title="bbox 508 737 2301 837; baseline -0.003 -16"><span class='ocrx_word' id='word_1_12' title='bbox 508 745 561 822; x_wconf 82' lang='lat' dir='ltr'><strong>tle</strong></span> <span class='ocrx_word' id='word_1_13' title='bbox 591 765 638 816; x_wconf 90' lang='lat' dir='ltr'><strong>re</strong></span> <span class='ocrx_word' id='word_1_14' title='bbox 667 741 765 816; x_wconf 91' lang='lat' dir='ltr'><strong>certi</strong></span> <span class='ocrx_word' id='word_1_15' title='bbox 796 739 888 837; x_wconf 91' lang='lat' dir='ltr'><strong>quid</strong></span> <span class='ocrx_word' id='word_1_16' title='bbox 920 741 1173 816; x_wconf 89' lang='lat' dir='ltr'><strong>constituere.</strong></span> <span class='ocrx_word' id='word_1_17' title='bbox 1205 738 1405 834; x_wconf 80' lang='lat' dir='ltr'><strong>Neglecta,</strong></span> <span class='ocrx_word' id='word_1_18' title='bbox 1438 737 1503 813; x_wconf 89' lang='lat' dir='ltr'><strong>vel</strong></span> <span class='ocrx_word' id='word_1_19' title='bbox 1533 739 1573 812; x_wconf 94' lang='lat' dir='ltr'><strong>in</strong></span> <span class='ocrx_word' id='word_1_20' title='bbox 1603 740 1710 812; x_wconf 90' lang='lat' dir='ltr'><strong>nimis</strong></span> <span class='ocrx_word' id='word_1_21' title='bbox 1743 737 1903 834; x_wconf 86' lang='lat' dir='ltr'><strong>longum</strong></span> <span class='ocrx_word' id='word_1_22' title='bbox 1933 739 2062 832; x_wconf 87' lang='lat' dir='ltr'><strong>dilata,</strong></span> <span class='ocrx_word' id='word_1_23' title='bbox 2104 737 2216 816; x_wconf 85' lang='lat' dir='ltr'><strong>recte</strong></span> <span class='ocrx_word' id='word_1_24' title='bbox 2245 743 2301 816; x_wconf 90' lang='lat' dir='ltr'><strong>in·</strong></span> 
     </span>
     <span class='ocr_line' id='line_1_4' title="bbox 509 855 2299 964; baseline -0.002 -28"><span class='ocrx_word' id='word_1_25' title='bbox 509 861 635 938; x_wconf 82' lang='lat' dir='ltr'><strong>dicata</strong></span> <span class='ocrx_word' id='word_1_26' title='bbox 665 861 925 961; x_wconf 78' lang='lat' dir='ltr'><strong>paracentesis</strong></span> <span class='ocrx_word' id='word_1_27' title='bbox 957 855 1124 934; x_wconf 86' lang='lat' dir='ltr'><strong>lethales</strong></span> <span class='ocrx_word' id='word_1_28' title='bbox 1155 856 1373 948; x_wconf 65' lang='lat' dir='ltr'><strong>adduceres</strong></span> <span class='ocrx_word' id='word_1_29' title='bbox 1387 868 1519 956; x_wconf 89' lang='lat' dir='ltr'><strong>potest</strong></span> <span class='ocrx_word' id='word_1_30' title='bbox 1549 857 1742 964; x_wconf 81' lang='lat' dir='ltr'><strong>sequelas.</strong></span> <span class='ocrx_word' id='word_1_31' title='bbox 1784 857 1978 958; x_wconf 84' lang='lat' dir='ltr'><strong>Exempla.</strong></span> <span class='ocrx_word' id='word_1_32' title='bbox 2012 859 2034 960; x_wconf 68' lang='lat' dir='ltr'><strong>d</strong></span> <span class='ocrx_word' id='word_1_33' title='bbox 2070 858 2299 952; x_wconf 56' lang='lat' dir='ltr'><strong>sulp-Dis·</strong></span> 
     </span>
     <span class='ocr_line' id='line_1_5' title="bbox 508 975 2300 1083; baseline 0 -29"><span class='ocrx_word' id='word_1_34' title='bbox 508 983 661 1080; x_wconf 89' lang='lat' dir='ltr'><strong>quisitio</strong></span> <span class='ocrx_word' id='word_1_35' title='bbox 695 979 748 1070; x_wconf 87' lang='lat' dir='ltr'><strong>de</strong></span> <span class='ocrx_word' id='word_1_36' title='bbox 778 978 949 1054; x_wconf 78' lang='lat' dir='ltr'><strong>mutabili</strong></span> <span class='ocrx_word' id='word_1_37' title='bbox 979 981 1148 1078; x_wconf 81' lang='lat' dir='ltr'><strong>pectoris</strong></span> <span class='ocrx_word' id='word_1_38' title='bbox 1195 981 1318 1077; x_wconf 88' lang='lat' dir='ltr'><strong>spatio</strong></span> <span class='ocrx_word' id='word_1_39' title='bbox 1350 978 1403 1050; x_wconf 94' lang='lat' dir='ltr'><strong>ob</strong></span> <span class='ocrx_word' id='word_1_40' title='bbox 1434 975 1627 1083; x_wconf 59' lang='lat' dir='ltr'><strong>&amp;versarii</strong></span> <span class='ocrx_word' id='word_1_41' title='bbox 1658 975 1956 1076; x_wconf 86' lang='lat' dir='ltr'><strong>diaphragmatis</strong></span> <span class='ocrx_word' id='word_1_42' title='bbox 2008 976 2300 1054; x_wconf 71' lang='lat' dir='ltr'><strong>inclinationem</strong></span> 
     </span>
     <span class='ocr_line' id='line_1_6' title="bbox 510 1095 2302 1196; baseline -0.002 -21"><span class='ocrx_word' id='word_1_43' title='bbox 510 1112 553 1181; x_wconf 89' lang='lat' dir='ltr'><strong>et</strong></span> <span class='ocrx_word' id='word_1_44' title='bbox 584 1098 757 1172; x_wconf 85' lang='lat' dir='ltr'><strong>diversas</strong></span> <span class='ocrx_word' id='word_1_45' title='bbox 788 1098 1114 1174; x_wconf 89' lang='lat' dir='ltr'><strong>accumulationes</strong></span> <span class='ocrx_word' id='word_1_46' title='bbox 1148 1097 1186 1170; x_wconf 92' lang='lat' dir='ltr'><strong>in</strong></span> <span class='ocrx_word' id='word_1_47' title='bbox 1216 1097 1437 1171; x_wconf 84' lang='lat' dir='ltr'><strong>abdomine.</strong></span> <span class='ocrx_word' id='word_1_48' title='bbox 1470 1095 1663 1196; x_wconf 78' lang='lat' dir='ltr'><strong>Exempla.</strong></span> <span class='ocrx_word' id='word_1_49' title='bbox 1694 1095 1715 1196; x_wconf 66' lang='lat' dir='ltr'><strong>b</strong></span> <span class='ocrx_word' id='word_1_50' title='bbox 1740 1099 1833 1172; x_wconf 77' lang='lat'><strong>105.</strong></span> <span class='ocrx_word' id='word_1_51' title='bbox 1850 1137 1889 1182; x_wconf 77' lang='lat'><strong>-,·</strong></span> <span class='ocrx_word' id='word_1_52' title='bbox 1902 1095 2049 1186; x_wconf 82' lang='lat' dir='ltr'><strong>Locus,</strong></span> <span class='ocrx_word' id='word_1_53' title='bbox 2081 1119 2162 1194; x_wconf 90' lang='lat' dir='ltr'><strong>quo</strong></span> <span class='ocrx_word' id='word_1_54' title='bbox 2192 1119 2302 1196; x_wconf 86' lang='lat' dir='ltr'><strong>para·</strong></span> 
     </span>
     <span class='ocr_line' id='line_1_7' title="bbox 509 1199 2299 1312; baseline -0.003 -16"><span class='ocrx_word' id='word_1_55' title='bbox 509 1221 679 1312; x_wconf 88' lang='lat' dir='ltr'><strong>centesis</strong></span> <span class='ocrx_word' id='word_1_56' title='bbox 696 1217 933 1292; x_wconf 87' lang='lat' dir='ltr'><strong>instituenda</strong></span> <span class='ocrx_word' id='word_1_57' title='bbox 961 1229 1034 1291; x_wconf 91' lang='lat' dir='ltr'><strong>est.</strong></span> <span class='ocrx_word' id='word_1_58' title='bbox 1066 1199 1196 1290; x_wconf 83' lang='lat' dir='ltr'><strong>Locus</strong></span> <span class='ocrx_word' id='word_1_59' title='bbox 1212 1237 1651 1304; x_wconf 63' lang='lat' dir='ltr'><strong>necessarimm-iocus</strong></span> <span class='ocrx_word' id='word_1_60' title='bbox 1686 1237 1925 1290; x_wconf 82' lang='lat' dir='ltr'><strong>aiacrionis.</strong></span> <span class='ocrx_word' id='word_1_61' title='bbox 1957 1217 2183 1312; x_wconf 88' lang='lat' dir='ltr'><strong>Designatio</strong></span> <span class='ocrx_word' id='word_1_62' title='bbox 2221 1215 2299 1292; x_wconf 91' lang='lat' dir='ltr'><strong>loci</strong></span> 
     </span>
     <span class='ocr_line' id='line_1_8' title="bbox 510 1323 2299 1434; baseline -0.003 -20"><span class='ocrx_word' id='word_1_63' title='bbox 510 1337 728 1414; x_wconf 89' lang='lat' dir='ltr'><strong>electionis.</strong></span> <span class='ocrx_word' id='word_1_64' title='bbox 760 1336 967 1412; x_wconf 88' lang='lat' dir='ltr'><strong>Dissidium</strong></span> <span class='ocrx_word' id='word_1_65' title='bbox 996 1337 1226 1434; x_wconf 88' lang='lat' dir='ltr'><strong>scriptorum</strong></span> <span class='ocrx_word' id='word_1_66' title='bbox 1258 1335 1506 1414; x_wconf 80' lang='lat' dir='ltr'><strong>classicorum</strong></span> <span class='ocrx_word' id='word_1_67' title='bbox 1536 1333 1589 1412; x_wconf 84' lang='lat' dir='ltr'><strong>de</strong></span> <span class='ocrx_word' id='word_1_68' title='bbox 1622 1333 1729 1428; x_wconf 88' lang='lat' dir='ltr'><strong>loco;</strong></span> <span class='ocrx_word' id='word_1_69' title='bbox 1748 1332 1912 1408; x_wconf 91' lang='lat' dir='ltr'><strong>-locus</strong></span> <span class='ocrx_word' id='word_1_70' title='bbox 1944 1323 2299 1412; x_wconf 78' lang='lat' dir='ltr'><strong>Pantanus-locus</strong></span> 
     </span>
     <span class='ocr_line' id='line_1_9' title="bbox 509 1454 2298 1554; baseline -0.001 -22"><span class='ocrx_word' id='word_1_71' title='bbox 509 1454 1040 1550; x_wconf 60' lang='lat' dir='ltr'><strong>hieronimum-Locus</strong></span> <span class='ocrx_word' id='word_1_72' title='bbox 1071 1456 1173 1528; x_wconf 92' lang='lat' dir='ltr'><strong>inter</strong></span> <span class='ocrx_word' id='word_1_73' title='bbox 1205 1455 1279 1528; x_wconf 70' lang='lat'><strong>5⁸¹²</strong></span> <span class='ocrx_word' id='word_1_74' title='bbox 1299 1455 1372 1530; x_wconf 67' lang='lat'><strong>6⁸³¹</strong></span> <span class='ocrx_word' id='word_1_75' title='bbox 1398 1466 1438 1530; x_wconf 90' lang='lat' dir='ltr'><strong>et</strong></span> <span class='ocrx_word' id='word_1_76' title='bbox 1473 1463 1544 1552; x_wconf 68' lang='grc' dir='ltr'><strong>γ’Ιιι</strong></span> <span class='ocrx_word' id='word_1_77' title='bbox 1569 1464 1714 1530; x_wconf 87' lang='lat' dir='ltr'><strong>costam</strong></span> <span class='ocrx_word' id='word_1_78' title='bbox 1764 1457 1930 1528; x_wconf 85' lang='lat' dir='ltr'><strong>omniurn</strong></span> <span class='ocrx_word' id='word_1_79' title='bbox 1975 1455 2137 1528; x_wconf 79' lang='lat' dir='ltr'><strong>inarsisse</strong></span> <span class='ocrx_word' id='word_1_80' title='bbox 2186 1465 2298 1554; x_wconf 89' lang='lat' dir='ltr'><strong>aptus</strong></span> 
     </span>
     <span class='ocr_line' id='line_1_10' title="bbox 511 1569 2300 1676; baseline -0.002 -26"><span class='ocrx_word' id='word_1_81' title='bbox 511 1597 604 1650; x_wconf 89' lang='lat' dir='ltr'><strong>esso</strong></span> <span class='ocrx_word' id='word_1_82' title='bbox 633 1576 746 1650; x_wconf 94' lang='lat' dir='ltr'><strong>nobis</strong></span> <span class='ocrx_word' id='word_1_83' title='bbox 778 1575 943 1650; x_wconf 75' lang='lat' dir='ltr'><strong>videtin.</strong></span> <span class='ocrx_word' id='word_1_84' title='bbox 976 1571 1254 1675; x_wconf 69' lang='lat' dir='ltr'><strong>§rob-Varii</strong></span> <span class='ocrx_word' id='word_1_85' title='bbox 1285 1571 1390 1646; x_wconf 90' lang='lat' dir='ltr'><strong>modi</strong></span> <span class='ocrx_word' id='word_1_86' title='bbox 1422 1571 1472 1646; x_wconf 89' lang='lat' dir='ltr'><strong>ad</strong></span> <span class='ocrx_word' id='word_1_87' title='bbox 1503 1569 1634 1646; x_wconf 90' lang='lat' dir='ltr'><strong>locuni</strong></span> <span class='ocrx_word' id='word_1_88' title='bbox 1664 1575 1926 1676; x_wconf 88' lang='lat' dir='ltr'><strong>paracentesis</strong></span> <span class='ocrx_word' id='word_1_89' title='bbox 1957 1585 2139 1648; x_wconf 87' lang='lat' dir='ltr'><strong>accurate</strong></span> <span class='ocrx_word' id='word_1_90' title='bbox 2170 1573 2300 1670; x_wconf 85' lang='lat' dir='ltr'><strong>desig·</strong></span> 
     </span>
     <span class='ocr_line' id='line_1_11' title="bbox 510 1691 2296 1791; baseline -0.001 -23"><span class='ocrx_word' id='word_1_91' title='bbox 510 1692 926 1784; x_wconf 73' lang='lat' dir='ltr'><strong>nandum.-Gussanrs</strong></span> <span class='ocrx_word' id='word_1_92' title='bbox 957 1692 1171 1782; x_wconf 86' lang='lat' dir='ltr'><strong>consilium,</strong></span> <span class='ocrx_word' id='word_1_93' title='bbox 1202 1692 1294 1788; x_wconf 91' lang='lat' dir='ltr'><strong>quid</strong></span> <span class='ocrx_word' id='word_1_94' title='bbox 1311 1695 1350 1764; x_wconf 88' lang='lat' dir='ltr'><strong>iii</strong></span> <span class='ocrx_word' id='word_1_95' title='bbox 1366 1691 1685 1782; x_wconf 73' lang='lat' dir='ltr'><strong>dmensionibus,</strong></span> <span class='ocrx_word' id='word_1_96' title='bbox 1701 1693 1987 1768; x_wconf 69' lang='lat' dir='ltr'><strong>obseruandum</strong></span> <span class='ocrx_word' id='word_1_97' title='bbox 2003 1704 2074 1768; x_wconf 89' lang='lat' dir='ltr'><strong>est.</strong></span> <span class='ocrx_word' id='word_1_98' title='bbox 2099 1691 2296 1791; x_wconf 79' lang='lat' dir='ltr'><strong>Rsonrsn,</strong></span> 
     </span>
    </p>
   </div>
   <div class='ocr_carea' id='block_1_3' title="bbox 373 1798 2297 1907">
    <p class='ocr_par' dir='ltr' id='par_1_3' title="bbox 373 1798 2297 1907">
     <span class='ocr_line' id='line_1_12' title="bbox 373 1798 2297 1907; baseline 0.002 -18"><span class='ocrx_word' id='word_1_99' title='bbox 373 1819 378 1826; x_wconf 86' lang='lat'>&#39;</span> <span class='ocrx_word' id='word_1_100' title='bbox 510 1809 661 1888; x_wconf 80' lang='lat' dir='ltr'><strong>Lassus</strong></span> <span class='ocrx_word' id='word_1_101' title='bbox 693 1825 734 1886; x_wconf 91' lang='lat' dir='ltr'><strong>et</strong></span> <span class='ocrx_word' id='word_1_102' title='bbox 765 1809 956 1888; x_wconf 78' lang='lat' dir='ltr'><strong>Gaurana</strong></span> <span class='ocrx_word' id='word_1_103' title='bbox 986 1811 1257 1899; x_wconf 81' lang='lat' dir='ltr'><strong>commendant</strong></span> <span class='ocrx_word' id='word_1_104' title='bbox 1287 1810 1336 1886; x_wconf 89' lang='lat' dir='ltr'><strong>ad</strong></span> <span class='ocrx_word' id='word_1_105' title='bbox 1368 1798 1650 1907; x_wconf 83' lang='lat' dir='ltr'><strong>designandum</strong></span> <span class='ocrx_word' id='word_1_106' title='bbox 1681 1809 1809 1894; x_wconf 90' lang='lat' dir='ltr'><strong>locum</strong></span> <span class='ocrx_word' id='word_1_107' title='bbox 1839 1809 1957 1900; x_wconf 89' lang='lat' dir='ltr'><strong>hunc,</strong></span> <span class='ocrx_word' id='word_1_108' title='bbox 1987 1813 2029 1886; x_wconf 90' lang='lat' dir='ltr'><strong>iu</strong></span> <span class='ocrx_word' id='word_1_109' title='bbox 2056 1834 2150 1888; x_wconf 88' lang='lat' dir='ltr'><strong>casu</strong></span> <span class='ocrx_word' id='word_1_110' title='bbox 2176 1812 2297 1892; x_wconf 80' lang='lat' dir='ltr'><strong>dubio</strong></span> 
     </span>
    </p>
   </div>
   <div class='ocr_carea' id='block_1_4' title="bbox 477 1915 2300 4169">
    <p class='ocr_par' dir='ltr' id='par_1_4' title="bbox 477 1915 2300 4169">
     <span class='ocr_line' id='line_1_13' title="bbox 510 1915 2299 2032; baseline -0.003 -22"><span class='ocrx_word' id='word_1_111' title='bbox 510 1941 731 2032; x_wconf 87' lang='lat' dir='ltr'><strong>aperturam</strong></span> <span class='ocrx_word' id='word_1_112' title='bbox 762 1937 789 2024; x_wconf 72' lang='grc'>4</span> <span class='ocrx_word' id='word_1_113' title='bbox 821 1929 886 2006; x_wconf 85' lang='lat' dir='ltr'><strong>rel</strong></span> <span class='ocrx_word' id='word_1_114' title='bbox 917 1933 942 2006; x_wconf 81' lang='lat'><em>5</em></span> <span class='ocrx_word' id='word_1_115' title='bbox 975 1931 1105 2026; x_wconf 88' lang='lat' dir='ltr'><strong>digitis</strong></span> <span class='ocrx_word' id='word_1_116' title='bbox 1136 1933 1362 2008; x_wconf 86' lang='lat' dir='ltr'><strong>transversis</strong></span> <span class='ocrx_word' id='word_1_117' title='bbox 1387 1915 1565 2028; x_wconf 79' lang='lat' dir='ltr'><strong>&#39;margine</strong></span> <span class='ocrx_word' id='word_1_118' title='bbox 1613 1933 1783 2029; x_wconf 75' lang='lat' dir='ltr'><strong>pectoris</strong></span> <span class='ocrx_word' id='word_1_119' title='bbox 1829 1931 2004 2006; x_wconf 77' lang='lat' dir='ltr'><strong>inferiori</strong></span> <span class='ocrx_word' id='word_1_120' title='bbox 2056 1931 2299 2030; x_wconf 84' lang='lat' dir='ltr'><strong>superiorem</strong></span> 
     </span>
     <span class='ocr_line' id='line_1_14' title="bbox 512 2035 2300 2148; baseline -0.001 -22"><span class='ocrx_word' id='word_1_121' title='bbox 512 2050 677 2148; x_wconf 83' lang='lat' dir='ltr'><strong>eligere.</strong></span> <span class='ocrx_word' id='word_1_122' title='bbox 707 2049 949 2128; x_wconf 74' lang='lat' dir='ltr'><strong>Loseswms</strong></span> <span class='ocrx_word' id='word_1_123' title='bbox 979 2047 1057 2125; x_wconf 89' lang='lat' dir='ltr'><strong>boc</strong></span> <span class='ocrx_word' id='word_1_124' title='bbox 1086 2035 1271 2148; x_wconf 81' lang='lat' dir='ltr'><strong>respectu</strong></span> <span class='ocrx_word' id='word_1_125' title='bbox 1303 2051 1412 2124; x_wconf 85' lang='lat' dir='ltr'><strong>niniis</strong></span> <span class='ocrx_word' id='word_1_126' title='bbox 1442 2048 1654 2145; x_wconf 83' lang='lat' dir='ltr'><strong>diligenter</strong></span> <span class='ocrx_word' id='word_1_127' title='bbox 1681 2071 1883 2124; x_wconf 88' lang='lat' dir='ltr'><strong>numerum</strong></span> <span class='ocrx_word' id='word_1_128' title='bbox 1920 2061 2114 2124; x_wconf 88' lang='lat' dir='ltr'><strong>costarum</strong></span> <span class='ocrx_word' id='word_1_129' title='bbox 2161 2049 2300 2126; x_wconf 79' lang='lat' dir='ltr'><strong>desini·</strong></span> 
     </span>
     <span class='ocr_line' id='line_1_15' title="bbox 510 2166 2297 2268; baseline 0 -24"><span class='ocrx_word' id='word_1_130' title='bbox 510 2191 559 2244; x_wconf 92' lang='lat' dir='ltr'><strong>re</strong></span> <span class='ocrx_word' id='word_1_131' title='bbox 588 2166 694 2242; x_wconf 86' lang='lat' dir='ltr'><strong>velle</strong></span> <span class='ocrx_word' id='word_1_132' title='bbox 726 2169 890 2244; x_wconf 87' lang='lat' dir='ltr'><strong>videtur.</strong></span> <span class='ocrx_word' id='word_1_133' title='bbox 924 2167 945 2268; x_wconf 70' lang='lat' dir='ltr'><strong>d</strong></span> <span class='ocrx_word' id='word_1_134' title='bbox 970 2189 1064 2266; x_wconf 87' lang='lat'><strong>107.</strong></span> <span class='ocrx_word' id='word_1_135' title='bbox 1080 2167 1250 2244; x_wconf 84' lang='lat' dir='ltr'><strong>-S1rus</strong></span> <span class='ocrx_word' id='word_1_136' title='bbox 1281 2170 1423 2264; x_wconf 85' lang='lat' dir='ltr'><strong>aegroti</strong></span> <span class='ocrx_word' id='word_1_137' title='bbox 1453 2170 1555 2242; x_wconf 89' lang='lat' dir='ltr'><strong>inter</strong></span> <span class='ocrx_word' id='word_1_138' title='bbox 1586 2171 1880 2267; x_wconf 58' lang='lat' dir='ltr'><strong>operationema</strong></span> <span class='ocrx_word' id='word_1_139' title='bbox 1905 2168 2045 2243; x_wconf 90' lang='lat' dir='ltr'><strong>Variae</strong></span> <span class='ocrx_word' id='word_1_140' title='bbox 2075 2167 2147 2244; x_wconf 90' lang='lat' dir='ltr'><strong>hac</strong></span> <span class='ocrx_word' id='word_1_141' title='bbox 2166 2168 2220 2242; x_wconf 94' lang='lat' dir='ltr'><strong>de</strong></span> <span class='ocrx_word' id='word_1_142' title='bbox 2250 2191 2297 2244; x_wconf 85' lang='lat' dir='ltr'><strong>re</strong></span> 
     </span>
     <span class='ocr_line' id='line_1_16' title="bbox 511 2279 2297 2386; baseline -0.001 -22"><span class='ocrx_word' id='word_1_143' title='bbox 511 2289 743 2386; x_wconf 86' lang='lat' dir='ltr'><strong>scriptorum</strong></span> <span class='ocrx_word' id='word_1_144' title='bbox 774 2288 988 2386; x_wconf 82' lang='lat' dir='ltr'><strong>opiniones.</strong></span> <span class='ocrx_word' id='word_1_145' title='bbox 1019 2287 1100 2364; x_wconf 92' lang='lat' dir='ltr'><strong>Nos</strong></span> <span class='ocrx_word' id='word_1_146' title='bbox 1130 2290 1243 2361; x_wconf 88' lang='lat' dir='ltr'><strong>situm</strong></span> <span class='ocrx_word' id='word_1_147' title='bbox 1274 2286 1542 2368; x_wconf 82' lang='lat' dir='ltr'><strong>semisedeutis</strong></span> <span class='ocrx_word' id='word_1_148' title='bbox 1574 2287 1748 2362; x_wconf 90' lang='lat' dir='ltr'><strong>omnibus</strong></span> <span class='ocrx_word' id='word_1_149' title='bbox 1781 2279 1861 2360; x_wconf 85' lang='lat' dir='ltr'><strong>aliis</strong></span> <span class='ocrx_word' id='word_1_150' title='bbox 1893 2287 2186 2386; x_wconf 79' lang='lat' dir='ltr'><strong>praeleiendum</strong></span> <span class='ocrx_word' id='word_1_151' title='bbox 2206 2309 2297 2366; x_wconf 88' lang='lat' dir='ltr'><strong>esse</strong></span> 
     </span>
     <span class='ocr_line' id='line_1_17' title="bbox 477 2405 2300 2506; baseline 0.003 -28"><span class='ocrx_word' id='word_1_152' title='bbox 477 2417 480 2428; x_wconf 85' lang='lat'>&#39;</span> <span class='ocrx_word' id='word_1_153' title='bbox 511 2418 703 2506; x_wconf 87' lang='lat' dir='ltr'><strong>putamus.</strong></span> <span class='ocrx_word' id='word_1_154' title='bbox 718 2405 967 2482; x_wconf 87' lang='lat' dir='ltr'><strong>·-··Pi·olunda</strong></span> <span class='ocrx_word' id='word_1_155' title='bbox 995 2408 1193 2505; x_wconf 75' lang='lat' dir='ltr'><strong>inspiratio</strong></span> <span class='ocrx_word' id='word_1_156' title='bbox 1223 2405 1435 2498; x_wconf 75' lang='lat' dir='ltr'><strong>faciliorem</strong></span> <span class='ocrx_word' id='word_1_157' title='bbox 1465 2405 1597 2480; x_wconf 89' lang='lat' dir='ltr'><strong>reddit</strong></span> <span class='ocrx_word' id='word_1_158' title='bbox 1627 2427 1872 2496; x_wconf 81' lang='lat' dir='ltr'><strong>rnosssouau,</strong></span> <span class='ocrx_word' id='word_1_159' title='bbox 1904 2417 2185 2482; x_wconf 85' lang='lat' dir='ltr'><strong>extravasatum</strong></span> <span class='ocrx_word' id='word_1_160' title='bbox 2223 2429 2300 2484; x_wconf 89' lang='lat' dir='ltr'><strong>usa·</strong></span> 
     </span>
     <span class='ocr_line' id='line_1_18' title="bbox 509 2523 2298 2625; baseline 0.002 -27"><span class='ocrx_word' id='word_1_161' title='bbox 509 2527 570 2622; x_wconf 83' lang='lat' dir='ltr'><strong>gis</strong></span> <span class='ocrx_word' id='word_1_162' title='bbox 585 2525 637 2598; x_wconf 92' lang='lat' dir='ltr'><strong>ad</strong></span> <span class='ocrx_word' id='word_1_163' title='bbox 657 2525 901 2624; x_wconf 80' lang='lat' dir='ltr'><strong>superficiem</strong></span> <span class='ocrx_word' id='word_1_164' title='bbox 931 2523 1156 2624; x_wconf 89' lang='lat' dir='ltr'><strong>pulmonum</strong></span> <span class='ocrx_word' id='word_1_165' title='bbox 1184 2523 1385 2624; x_wconf 88' lang='lat' dir='ltr'><strong>pellendo.</strong></span> <span class='ocrx_word' id='word_1_166' title='bbox 1419 2525 1557 2625; x_wconf 71' lang='lat' dir='ltr'><strong>§wll-</strong></span> <span class='ocrx_word' id='word_1_167' title='bbox 1573 2565 1610 2582; x_wconf 92' lang='lat'><em>-</em></span> <span class='ocrx_word' id='word_1_168' title='bbox 1633 2524 1756 2624; x_wconf 84' lang='lat' dir='ltr'><strong>Ipsius</strong></span> <span class='ocrx_word' id='word_1_169' title='bbox 1788 2527 2022 2625; x_wconf 86' lang='lat' dir='ltr'><strong>operationis</strong></span> <span class='ocrx_word' id='word_1_170' title='bbox 2039 2525 2298 2625; x_wconf 79' lang='lat' dir='ltr'><strong>descriptio.-</strong></span> 
     </span>
     <span class='ocr_line' id='line_1_19' title="bbox 513 2643 2296 2744; baseline 0 -24"><span class='ocrx_word' id='word_1_171' title='bbox 513 2643 655 2720; x_wconf 90' lang='lat' dir='ltr'><strong>Incisio</strong></span> <span class='ocrx_word' id='word_1_172' title='bbox 686 2643 948 2718; x_wconf 91' lang='lat' dir='ltr'><strong>musculorum</strong></span> <span class='ocrx_word' id='word_1_173' title='bbox 993 2644 1505 2743; x_wconf 88' lang='lat' dir='ltr'><strong>intercostalium.-Propria</strong></span> <span class='ocrx_word' id='word_1_174' title='bbox 1543 2646 1713 2744; x_wconf 87' lang='lat' dir='ltr'><strong>pectoris</strong></span> <span class='ocrx_word' id='word_1_175' title='bbox 1759 2656 1952 2744; x_wconf 86' lang='lat' dir='ltr'><strong>apertura,</strong></span> <span class='ocrx_word' id='word_1_176' title='bbox 1969 2687 2009 2702; x_wconf 90' lang='lat'>-</span> <span class='ocrx_word' id='word_1_177' title='bbox 2022 2667 2101 2742; x_wconf 91' lang='lat' dir='ltr'><strong>quo</strong></span> <span class='ocrx_word' id='word_1_178' title='bbox 2133 2648 2173 2718; x_wconf 93' lang='lat' dir='ltr'><strong>in</strong></span> <span class='ocrx_word' id='word_1_179' title='bbox 2204 2665 2296 2720; x_wconf 90' lang='lat' dir='ltr'><strong>casu</strong></span> 
     </span>
     <span class='ocr_line' id='line_1_20' title="bbox 509 2759 2296 2864; baseline 0.002 -28"><span class='ocrx_word' id='word_1_180' title='bbox 509 2759 684 2858; x_wconf 73' lang='lat' dir='ltr'><strong>chirurgi</strong></span> <span class='ocrx_word' id='word_1_181' title='bbox 712 2762 1025 2838; x_wconf 87' lang='lat' dir='ltr'><strong>ambidexteritas</strong></span> <span class='ocrx_word' id='word_1_182' title='bbox 1055 2761 1159 2836; x_wconf 90' lang='lat' dir='ltr'><strong>utilis</strong></span> <span class='ocrx_word' id='word_1_183' title='bbox 1189 2773 1260 2836; x_wconf 85' lang='lat' dir='ltr'><strong>est.</strong></span> <span class='ocrx_word' id='word_1_184' title='bbox 1284 2762 1315 2862; x_wconf 63' lang='lat' dir='ltr'><strong>d</strong></span> <span class='ocrx_word' id='word_1_185' title='bbox 1336 2785 1430 2860; x_wconf 85' lang='lat'><strong>109.</strong></span> <span class='ocrx_word' id='word_1_186' title='bbox 1444 2803 1484 2822; x_wconf 90' lang='lat'>-</span> <span class='ocrx_word' id='word_1_187' title='bbox 1498 2761 1729 2852; x_wconf 69' lang='lat' dir='ltr'><strong>Pmcautio,</strong></span> <span class='ocrx_word' id='word_1_188' title='bbox 1761 2787 1831 2864; x_wconf 35' lang='lat' dir='ltr'><strong>ne,</strong></span> <span class='ocrx_word' id='word_1_189' title='bbox 1844 2763 2000 2842; x_wconf 77' lang='lat' dir='ltr'><strong>arseris</strong></span> <span class='ocrx_word' id='word_1_190' title='bbox 2035 2763 2296 2856; x_wconf 85' lang='lat' dir='ltr'><strong>intercostalis</strong></span> 
     </span>
     <span class='ocr_line' id='line_1_21' title="bbox 511 2865 2296 2984; baseline 0.001 -27"><span class='ocrx_word' id='word_1_191' title='bbox 511 2879 692 2957; x_wconf 77' lang='lat' dir='ltr'><strong>taedsiur.</strong></span> <span class='ocrx_word' id='word_1_192' title='bbox 727 2879 940 2956; x_wconf 84' lang='lat' dir='ltr'><strong>Consiliiuii</strong></span> <span class='ocrx_word' id='word_1_193' title='bbox 968 2881 1169 2956; x_wconf 71' lang='lat' dir='ltr'><strong>Locrum</strong></span> <span class='ocrx_word' id='word_1_194' title='bbox 1200 2884 1467 2980; x_wconf 86' lang='lat' dir='ltr'><strong>operationem</strong></span> <span class='ocrx_word' id='word_1_195' title='bbox 1495 2880 1595 2958; x_wconf 90' lang='lat' dir='ltr'><strong>hano</strong></span> <span class='ocrx_word' id='word_1_196' title='bbox 1627 2884 1682 2956; x_wconf 93' lang='lat' dir='ltr'><strong>ob</strong></span> <span class='ocrx_word' id='word_1_197' title='bbox 1728 2903 1879 2958; x_wconf 88' lang='lat' dir='ltr'><strong>eausam</strong></span> <span class='ocrx_word' id='word_1_198' title='bbox 1923 2883 2016 2958; x_wconf 92' lang='lat' dir='ltr'><strong>bino</strong></span> <span class='ocrx_word' id='word_1_199' title='bbox 2061 2865 2222 2958; x_wconf 85' lang='lat' dir='ltr'><strong>accessu</strong></span> <span class='ocrx_word' id='word_1_200' title='bbox 2252 2879 2296 2984; x_wconf 79' lang='lat' dir='ltr'><strong>(b</strong></span> 
     </span>
     <span class='ocr_line' id='line_1_22' title="bbox 510 2997 2298 3100; baseline 0.001 -24"><span class='ocrx_word' id='word_1_201' title='bbox 510 2999 621 3076; x_wconf 84' lang='lat' dir='ltr'><strong>deux</strong></span> <span class='ocrx_word' id='word_1_202' title='bbox 652 3001 794 3100; x_wconf 87' lang='lat' dir='ltr'><strong>temps)</strong></span> <span class='ocrx_word' id='word_1_203' title='bbox 824 2997 1202 3100; x_wconf 79' lang='lat' dir='ltr'><strong>peragendi5-buius</strong></span> <span class='ocrx_word' id='word_1_204' title='bbox 1232 2999 1407 3076; x_wconf 81' lang='lat' dir='ltr'><strong>methodi</strong></span> <span class='ocrx_word' id='word_1_205' title='bbox 1445 3000 1976 3076; x_wconf 79' lang='lat' dir='ltr'><strong>comiuoduisi-Rscuaaaso</strong></span> <span class='ocrx_word' id='word_1_206' title='bbox 2022 3013 2155 3077; x_wconf 86' lang='lat' dir='ltr'><strong>monet</strong></span> <span class='ocrx_word' id='word_1_207' title='bbox 2177 3061 2180 3066; x_wconf 52' lang='grc'>,</span> <span class='ocrx_word' id='word_1_208' title='bbox 2200 3001 2298 3078; x_wconf 90' lang='lat' dir='ltr'><strong>scal·</strong></span> 
     </span>
     <span class='ocr_line' id='line_1_23' title="bbox 512 3117 2296 3220; baseline 0.002 -27"><span class='ocrx_word' id='word_1_209' title='bbox 512 3118 659 3220; x_wconf 81' lang='lat' dir='ltr'><strong>pellunt</strong></span> <span class='ocrx_word' id='word_1_210' title='bbox 689 3120 797 3216; x_wconf 88' lang='lat' dir='ltr'><strong>quasi</strong></span> <span class='ocrx_word' id='word_1_211' title='bbox 828 3142 878 3192; x_wconf 87' lang='lat' dir='ltr'><strong>ex</strong></span> <span class='ocrx_word' id='word_1_212' title='bbox 905 3119 1081 3194; x_wconf 90' lang='lat' dir='ltr'><strong>interiori</strong></span> <span class='ocrx_word' id='word_1_213' title='bbox 1108 3120 1151 3194; x_wconf 85' lang='lat' dir='ltr'><strong>bi</strong></span> <span class='ocrx_word' id='word_1_214' title='bbox 1178 3131 1329 3218; x_wconf 85' lang='lat' dir='ltr'><strong>partem</strong></span> <span class='ocrx_word' id='word_1_215' title='bbox 1359 3131 1559 3195; x_wconf 85' lang='lat' dir='ltr'><strong>externam</strong></span> <span class='ocrx_word' id='word_1_216' title='bbox 1588 3131 1712 3194; x_wconf 88' lang='lat' dir='ltr'><strong>semet</strong></span> <span class='ocrx_word' id='word_1_217' title='bbox 1742 3141 1880 3194; x_wconf 80' lang='lat' dir='ltr'><strong>versus</strong></span> <span class='ocrx_word' id='word_1_218' title='bbox 1926 3119 2086 3196; x_wconf 90' lang='lat' dir='ltr'><strong>ducere.</strong></span> <span class='ocrx_word' id='word_1_219' title='bbox 2101 3161 2139 3178; x_wconf 93' lang='lat'>-</span> <span class='ocrx_word' id='word_1_220' title='bbox 2153 3117 2296 3220; x_wconf 73' lang='lat' dir='ltr'><strong>simpli·</strong></span> 
     </span>
     <span class='ocr_line' id='line_1_24' title="bbox 512 3236 2296 3342; baseline 0 -26"><span class='ocrx_word' id='word_1_221' title='bbox 512 3238 618 3316; x_wconf 89' lang='lat' dir='ltr'><strong>tudo</strong></span> <span class='ocrx_word' id='word_1_222' title='bbox 641 3249 839 3336; x_wconf 80' lang='lat' dir='ltr'><strong>aperturm</strong></span> <span class='ocrx_word' id='word_1_223' title='bbox 853 3279 892 3294; x_wconf 92' lang='lat'><em>-</em></span> <span class='ocrx_word' id='word_1_224' title='bbox 905 3254 998 3334; x_wconf 84' lang='lat' dir='ltr'><strong>quae</strong></span> <span class='ocrx_word' id='word_1_225' title='bbox 1026 3239 1116 3312; x_wconf 88' lang='lat' dir='ltr'><strong>coni</strong></span> <span class='ocrx_word' id='word_1_226' title='bbox 1145 3236 1305 3316; x_wconf 79' lang='lat' dir='ltr'><strong>formans</strong></span> <span class='ocrx_word' id='word_1_227' title='bbox 1334 3237 1465 3314; x_wconf 85' lang='lat' dir='ltr'><strong>habet.</strong></span> <span class='ocrx_word' id='word_1_228' title='bbox 1481 3237 1743 3314; x_wconf 79' lang='lat' dir='ltr'><strong>-Rsvasoru</strong></span> <span class='ocrx_word' id='word_1_229' title='bbox 1760 3239 1812 3312; x_wconf 89' lang='lat' dir='ltr'><strong>de</strong></span> <span class='ocrx_word' id='word_1_230' title='bbox 1843 3237 1916 3314; x_wconf 87' lang='lat' dir='ltr'><strong>hac</strong></span> <span class='ocrx_word' id='word_1_231' title='bbox 1932 3261 1979 3314; x_wconf 89' lang='lat' dir='ltr'><strong>re</strong></span> <span class='ocrx_word' id='word_1_232' title='bbox 1997 3240 2177 3342; x_wconf 64' lang='lat' dir='ltr'><strong>opiniod</strong></span> <span class='ocrx_word' id='word_1_233' title='bbox 2200 3263 2296 3316; x_wconf 86' lang='lat' dir='ltr'><strong>sso-</strong></span> 
     </span>
     <span class='ocr_line' id='line_1_25' title="bbox 512 3355 2295 3458; baseline 0.001 -26"><span class='ocrx_word' id='word_1_234' title='bbox 512 3355 670 3432; x_wconf 81' lang='lat' dir='ltr'><strong>Pleurae</strong></span> <span class='ocrx_word' id='word_1_235' title='bbox 702 3356 898 3429; x_wconf 80' lang='lat' dir='ltr'><strong>transfixio</strong></span> <span class='ocrx_word' id='word_1_236' title='bbox 931 3377 1008 3455; x_wconf 94' lang='lat' dir='ltr'><strong>ope</strong></span> <span class='ocrx_word' id='word_1_237' title='bbox 1043 3355 1173 3432; x_wconf 90' lang='lat' dir='ltr'><strong>obtusi</strong></span> <span class='ocrx_word' id='word_1_238' title='bbox 1202 3355 1542 3453; x_wconf 69' lang='lat' dir='ltr'><strong>speculi-Vitium</strong></span> <span class='ocrx_word' id='word_1_239' title='bbox 1571 3355 1686 3432; x_wconf 89' lang='lat' dir='ltr'><strong>huius</strong></span> <span class='ocrx_word' id='word_1_240' title='bbox 1716 3355 1959 3458; x_wconf 68' lang='lat' dir='ltr'><strong>methodi-t</strong></span> <span class='ocrx_word' id='word_1_241' title='bbox 1981 3379 2076 3434; x_wconf 88' lang='lat' dir='ltr'><strong>sii.</strong></span> <span class='ocrx_word' id='word_1_242' title='bbox 2091 3399 2130 3416; x_wconf 90' lang='lat'><em>-</em></span> <span class='ocrx_word' id='word_1_243' title='bbox 2145 3357 2295 3434; x_wconf 81' lang='lat' dir='ltr'><strong>Pulmo-</strong></span> 
     </span>
     <span class='ocr_line' id='line_1_26' title="bbox 511 3471 2295 3574; baseline 0 -24"><span class='ocrx_word' id='word_1_244' title='bbox 511 3477 572 3550; x_wconf 89' lang='lat' dir='ltr'><strong>nis</strong></span> <span class='ocrx_word' id='word_1_245' title='bbox 603 3496 689 3550; x_wconf 89' lang='lat' dir='ltr'><strong>cum</strong></span> <span class='ocrx_word' id='word_1_246' title='bbox 719 3471 857 3572; x_wconf 87' lang='lat' dir='ltr'><strong>pleura</strong></span> <span class='ocrx_word' id='word_1_247' title='bbox 886 3473 1043 3548; x_wconf 86' lang='lat' dir='ltr'><strong>coalitio</strong></span> <span class='ocrx_word' id='word_1_248' title='bbox 1072 3473 1164 3548; x_wconf 91' lang='lat' dir='ltr'><strong>loco</strong></span> <span class='ocrx_word' id='word_1_249' title='bbox 1194 3476 1480 3571; x_wconf 84' lang='lat' dir='ltr'><strong>aperturae‚-isi</strong></span> <span class='ocrx_word' id='word_1_250' title='bbox 1509 3487 1716 3552; x_wconf 82' lang='lat' dir='ltr'><strong>antecessu</strong></span> <span class='ocrx_word' id='word_1_251' title='bbox 1730 3478 1887 3574; x_wconf 87' lang='lat' dir='ltr'><strong>cognita</strong></span> <span class='ocrx_word' id='word_1_252' title='bbox 1901 3487 1961 3552; x_wconf 89' lang='lat' dir='ltr'><strong>est</strong></span> <span class='ocrx_word' id='word_1_253' title='bbox 1978 3499 2295 3552; x_wconf 76' lang='lat' dir='ltr'><strong>consumunmt·</strong></span> 
     </span>
     <span class='ocr_line' id='line_1_27' title="bbox 512 3591 2293 3693; baseline 0.004 -25"><span class='ocrx_word' id='word_1_254' title='bbox 512 3616 581 3668; x_wconf 88' lang='lat' dir='ltr'><strong>rso</strong></span> <span class='ocrx_word' id='word_1_255' title='bbox 630 3595 891 3692; x_wconf 84' lang='lat' dir='ltr'><strong>paracentesis</strong></span> <span class='ocrx_word' id='word_1_256' title='bbox 936 3595 988 3666; x_wconf 92' lang='lat' dir='ltr'><strong>ibi</strong></span> <span class='ocrx_word' id='word_1_257' title='bbox 1019 3591 1285 3670; x_wconf 82' lang='lat' dir='ltr'><strong>instituendae.</strong></span> <span class='ocrx_word' id='word_1_258' title='bbox 1300 3635 1337 3650; x_wconf 90' lang='lat'><em>-</em></span> <span class='ocrx_word' id='word_1_259' title='bbox 1356 3591 1473 3692; x_wconf 87' lang='lat' dir='ltr'><strong>Signa</strong></span> <span class='ocrx_word' id='word_1_260' title='bbox 1503 3595 1698 3693; x_wconf 89' lang='lat' dir='ltr'><strong>equibus</strong></span> <span class='ocrx_word' id='word_1_261' title='bbox 1728 3593 1801 3670; x_wconf 87' lang='lat' dir='ltr'><strong>hac</strong></span> <span class='ocrx_word' id='word_1_262' title='bbox 1840 3595 1893 3668; x_wconf 90' lang='lat' dir='ltr'><strong>de</strong></span> <span class='ocrx_word' id='word_1_263' title='bbox 1928 3617 1975 3670; x_wconf 91' lang='lat' dir='ltr'><strong>re</strong></span> <span class='ocrx_word' id='word_1_264' title='bbox 2010 3597 2050 3670; x_wconf 94' lang='lat' dir='ltr'><strong>in</strong></span> <span class='ocrx_word' id='word_1_265' title='bbox 2086 3609 2293 3676; x_wconf 88' lang='lat' dir='ltr'><strong>antecessu</strong></span> 
     </span>
     <span class='ocr_line' id='line_1_28' title="bbox 512 3709 2295 3820; baseline 0.002 -34"><span class='ocrx_word' id='word_1_266' title='bbox 512 3735 599 3787; x_wconf 91' lang='lat' dir='ltr'><strong>cuni</strong></span> <span class='ocrx_word' id='word_1_267' title='bbox 628 3711 901 3811; x_wconf 82' lang='lat' dir='ltr'><strong>probabilitate</strong></span> <span class='ocrx_word' id='word_1_268' title='bbox 930 3715 1127 3786; x_wconf 87' lang='lat' dir='ltr'><strong>coniicere</strong></span> <span class='ocrx_word' id='word_1_269' title='bbox 1157 3735 1372 3812; x_wconf 84' lang='lat' dir='ltr'><strong>possumus.</strong></span> <span class='ocrx_word' id='word_1_270' title='bbox 1388 3709 1495 3820; x_wconf 84' lang='lat' dir='ltr'><strong>Quid</strong></span> <span class='ocrx_word' id='word_1_271' title='bbox 1512 3712 1577 3789; x_wconf 85' lang='lat' dir='ltr'><strong>tali</strong></span> <span class='ocrx_word' id='word_1_272' title='bbox 1606 3717 1646 3790; x_wconf 92' lang='lat' dir='ltr'><strong>in</strong></span> <span class='ocrx_word' id='word_1_273' title='bbox 1676 3737 1768 3788; x_wconf 89' lang='lat' dir='ltr'><strong>casu</strong></span> <span class='ocrx_word' id='word_1_274' title='bbox 1787 3713 2005 3790; x_wconf 85' lang='lat' dir='ltr'><strong>iaciendum</strong></span> <span class='ocrx_word' id='word_1_275' title='bbox 2025 3715 2136 3814; x_wconf 59' lang='lat' dir='ltr'><strong>esti</strong></span> <span class='ocrx_word' id='word_1_276' title='bbox 2161 3735 2295 3792; x_wconf 80' lang='lat'><strong>112.-</strong></span> 
     </span>
     <span class='ocr_line' id='line_1_29' title="bbox 505 3829 2293 3928; baseline 0.002 -22"><span class='ocrx_word' id='word_1_277' title='bbox 505 3852 559 3906; x_wconf 81' lang='grc' dir='ltr'><strong>Ιιο</strong></span> <span class='ocrx_word' id='word_1_278' title='bbox 590 3829 787 3906; x_wconf 77' lang='lat' dir='ltr'><strong>Aeonis-ro</strong></span> <span class='ocrx_word' id='word_1_279' title='bbox 818 3853 1080 3906; x_wconf 79' lang='lat' dir='ltr'><strong>annsnssorsss</strong></span> <span class='ocrx_word' id='word_1_280' title='bbox 1103 3853 1177 3906; x_wconf 80' lang='lat' dir='ltr'><strong>rra</strong></span> <span class='ocrx_word' id='word_1_281' title='bbox 1193 3853 1375 3923; x_wconf 83' lang='lat' dir='ltr'><strong>nrorruis,</strong></span> <span class='ocrx_word' id='word_1_282' title='bbox 1393 3849 1464 3906; x_wconf 81' lang='lat' dir='ltr'><strong>viic</strong></span> <span class='ocrx_word' id='word_1_283' title='bbox 1481 3855 1695 3908; x_wconf 80' lang='lat' dir='ltr'><strong>sraossiuss</strong></span> <span class='ocrx_word' id='word_1_284' title='bbox 1718 3855 1834 3908; x_wconf 80' lang='lat' dir='ltr'><strong>arros</strong></span> <span class='ocrx_word' id='word_1_285' title='bbox 1851 3855 2001 3908; x_wconf 87' lang='lat' dir='ltr'><strong>oaruso</strong></span> <span class='ocrx_word' id='word_1_286' title='bbox 2024 3855 2293 3928; x_wconf 82' lang='lat' dir='ltr'><strong>sssrnucrusr,</strong></span> 
     </span>
     <span class='ocr_line' id='line_1_30' title="bbox 510 3947 2293 4051; baseline 0.003 -27"><span class='ocrx_word' id='word_1_287' title='bbox 510 3951 615 4026; x_wconf 85' lang='lat' dir='ltr'><strong>iuxta</strong></span> <span class='ocrx_word' id='word_1_288' title='bbox 645 3948 689 4024; x_wconf 89' lang='lat' dir='ltr'><strong>B.</strong></span> <span class='ocrx_word' id='word_1_289' title='bbox 721 3949 936 4026; x_wconf 73' lang='lat' dir='ltr'><strong>Risum-De</strong></span> <span class='ocrx_word' id='word_1_290' title='bbox 966 3949 1064 4025; x_wconf 81' lang='lat' dir='ltr'><strong>rit&#39;iis</strong></span> <span class='ocrx_word' id='word_1_291' title='bbox 1093 3947 1209 4024; x_wconf 93' lang='lat' dir='ltr'><strong>huius</strong></span> <span class='ocrx_word' id='word_1_292' title='bbox 1238 3949 1412 4026; x_wconf 88' lang='lat' dir='ltr'><strong>methodi</strong></span> <span class='ocrx_word' id='word_1_293' title='bbox 1443 3955 1589 4051; x_wconf 88' lang='lat' dir='ltr'><strong>opinio,</strong></span> <span class='ocrx_word' id='word_1_294' title='bbox 1635 3973 1749 4049; x_wconf 82' lang='lat' dir='ltr'><strong>quain</strong></span> <span class='ocrx_word' id='word_1_295' title='bbox 1793 3951 1952 4028; x_wconf 84' lang='lat' dir='ltr'><strong>exhibet</strong></span> <span class='ocrx_word' id='word_1_296' title='bbox 1996 3949 2157 4028; x_wconf 81' lang='lat' dir='ltr'><strong>Lassus.</strong></span> <span class='ocrx_word' id='word_1_297' title='bbox 2190 3951 2293 4030; x_wconf 85' lang='lat' dir='ltr'><strong>Con·</strong></span> 
     </span>
     <span class='ocr_line' id='line_1_31' title="bbox 511 4067 2291 4169; baseline 0.004 -27"><span class='ocrx_word' id='word_1_298' title='bbox 511 4069 696 4146; x_wconf 88' lang='lat' dir='ltr'><strong>cretionis</strong></span> <span class='ocrx_word' id='word_1_299' title='bbox 726 4069 817 4146; x_wconf 91' lang='lat' dir='ltr'><strong>loco</strong></span> <span class='ocrx_word' id='word_1_300' title='bbox 846 4068 1041 4144; x_wconf 91' lang='lat' dir='ltr'><strong>intcrduni</strong></span> <span class='ocrx_word' id='word_1_301' title='bbox 1071 4067 1209 4169; x_wconf 89' lang='lat' dir='ltr'><strong>pleura</strong></span> <span class='ocrx_word' id='word_1_302' title='bbox 1236 4069 1444 4145; x_wconf 89' lang='lat' dir='ltr'><strong>admodum</strong></span> <span class='ocrx_word' id='word_1_303' title='bbox 1482 4093 1624 4162; x_wconf 88' lang='lat' dir='ltr'><strong>crassa,</strong></span> <span class='ocrx_word' id='word_1_304' title='bbox 1667 4095 1743 4144; x_wconf 79' lang='grc' dir='ltr'><strong>ιο</strong></span> <span class='ocrx_word' id='word_1_305' title='bbox 1789 4093 1886 4145; x_wconf 83' lang='lat' dir='ltr'><strong>vero</strong></span> <span class='ocrx_word' id='word_1_306' title='bbox 1925 4093 2040 4146; x_wconf 90' lang='lat' dir='ltr'><strong>ossea</strong></span> <span class='ocrx_word' id='word_1_307' title='bbox 2085 4074 2291 4150; x_wconf 83' lang='lat' dir='ltr'><strong>invenitur.</strong></span> 
     </span>
    </p>
   </div>
   <div class='ocr_carea' id='block_1_5' title="bbox 380 4177 2294 4288">
    <p class='ocr_par' dir='ltr' id='par_1_5' title="bbox 380 4177 2294 4288">
     <span class='ocr_line' id='line_1_32' title="bbox 380 4177 2294 4288; baseline 0.004 -29"><span class='ocrx_word' id='word_1_308' title='bbox 380 4177 384 4186; x_wconf 79' lang='grc'><em>’</em></span> <span class='ocrx_word' id='word_1_309' title='bbox 511 4187 706 4287; x_wconf 78' lang='lat' dir='ltr'><strong>Exempla.</strong></span> <span class='ocrx_word' id='word_1_310' title='bbox 738 4186 1011 4266; x_wconf 81' lang='lat' dir='ltr'><strong>Monnsisnsns</strong></span> <span class='ocrx_word' id='word_1_311' title='bbox 1042 4188 1252 4264; x_wconf 84' lang='lat' dir='ltr'><strong>homocum</strong></span> <span class='ocrx_word' id='word_1_312' title='bbox 1280 4202 1429 4264; x_wconf 87' lang='lat' dir='ltr'><strong>eventu</strong></span> <span class='ocrx_word' id='word_1_313' title='bbox 1457 4182 1530 4264; x_wconf 84' lang='lat' dir='ltr'><strong>bac</strong></span> <span class='ocrx_word' id='word_1_314' title='bbox 1560 4187 1748 4264; x_wconf 89' lang='lat' dir='ltr'><strong>methodo</strong></span> <span class='ocrx_word' id='word_1_315' title='bbox 1770 4211 1863 4288; x_wconf 81' lang='lat' dir='ltr'><strong>usus</strong></span> <span class='ocrx_word' id='word_1_316' title='bbox 1894 4203 1967 4266; x_wconf 88' lang='lat' dir='ltr'><strong>est.</strong></span> <span class='ocrx_word' id='word_1_317' title='bbox 1998 4189 2078 4264; x_wconf 92' lang='lat' dir='ltr'><strong>Nos</strong></span> <span class='ocrx_word' id='word_1_318' title='bbox 2102 4201 2232 4266; x_wconf 88' lang='lat' dir='ltr'><strong>autem</strong></span> <span class='ocrx_word' id='word_1_319' title='bbox 2247 4189 2294 4266; x_wconf 81' lang='lat' dir='ltr'><strong>il·</strong></span> 
     </span>
    </p>
   </div>
   <div class='ocr_carea' id='block_1_6' title="bbox 495 4303 2294 5364">
    <p class='ocr_par' dir='ltr' id='par_1_6' title="bbox 495 4303 2294 5364">
     <span class='ocr_line' id='line_1_33' title="bbox 509 4303 2294 4406; baseline 0.003 -27"><span class='ocrx_word' id='word_1_320' title='bbox 509 4303 585 4380; x_wconf 90' lang='lat' dir='ltr'><strong>lani</strong></span> <span class='ocrx_word' id='word_1_321' title='bbox 616 4329 689 4406; x_wconf 94' lang='lat' dir='ltr'><strong>pro</strong></span> <span class='ocrx_word' id='word_1_322' title='bbox 718 4308 841 4382; x_wconf 87' lang='lat' dir='ltr'><strong>misius</strong></span> <span class='ocrx_word' id='word_1_323' title='bbox 870 4305 971 4382; x_wconf 77' lang='lat' dir='ltr'><strong>lucili</strong></span> <span class='ocrx_word' id='word_1_324' title='bbox 1000 4309 1203 4405; x_wconf 89' lang='lat' dir='ltr'><strong>minusque</strong></span> <span class='ocrx_word' id='word_1_325' title='bbox 1233 4312 1388 4383; x_wconf 83' lang='lat' dir='ltr'><strong>innoxia</strong></span> <span class='ocrx_word' id='word_1_326' title='bbox 1409 4305 1607 4382; x_wconf 84' lang='lat' dir='ltr'><strong>habemus.</strong></span> <span class='ocrx_word' id='word_1_327' title='bbox 1622 4349 1660 4366; x_wconf 91' lang='lat'>-</span> <span class='ocrx_word' id='word_1_328' title='bbox 1677 4319 1721 4384; x_wconf 80' lang='lat' dir='ltr'><strong>s·</strong></span> <span class='ocrx_word' id='word_1_329' title='bbox 1757 4309 1981 4384; x_wconf 78' lang='lat' dir='ltr'><strong>Dinaramo</strong></span> <span class='ocrx_word' id='word_1_330' title='bbox 2027 4331 2238 4384; x_wconf 79' lang='lat' dir='ltr'><strong>suessionis</strong></span> <span class='ocrx_word' id='word_1_331' title='bbox 2252 4351 2294 4372; x_wconf 83' lang='lat'>-</span> 
     </span>
     <span class='ocr_line' id='line_1_34' title="bbox 510 4425 2291 4526; baseline 0.004 -28"><span class='ocrx_word' id='word_1_332' title='bbox 510 4443 622 4525; x_wconf 77' lang='lat' dir='ltr'><strong>saepe</strong></span> <span class='ocrx_word' id='word_1_333' title='bbox 658 4425 800 4500; x_wconf 87' lang='lat' dir='ltr'><strong>lrustra</strong></span> <span class='ocrx_word' id='word_1_334' title='bbox 829 4428 869 4500; x_wconf 91' lang='lat' dir='ltr'><strong>irs</strong></span> <span class='ocrx_word' id='word_1_335' title='bbox 898 4427 1078 4502; x_wconf 85' lang='lat' dir='ltr'><strong>auxilium</strong></span> <span class='ocrx_word' id='word_1_336' title='bbox 1107 4440 1278 4508; x_wconf 77' lang='lat' dir='ltr'><strong>vocatur.</strong></span> <span class='ocrx_word' id='word_1_337' title='bbox 1309 4427 1466 4502; x_wconf 63' lang='lat' dir='ltr'><strong>lassus¹</strong></span> <span class='ocrx_word' id='word_1_338' title='bbox 1487 4449 1574 4502; x_wconf 89' lang='lat' dir='ltr'><strong>cum</strong></span> <span class='ocrx_word' id='word_1_339' title='bbox 1603 4451 1790 4503; x_wconf 89' lang='lat' dir='ltr'><strong>successu</strong></span> <span class='ocrx_word' id='word_1_340' title='bbox 1820 4427 1994 4504; x_wconf 91' lang='lat' dir='ltr'><strong>adhibuit</strong></span> <span class='ocrx_word' id='word_1_341' title='bbox 2023 4427 2139 4522; x_wconf 84' lang='lat' dir='ltr'><strong>illam,</strong></span> <span class='ocrx_word' id='word_1_342' title='bbox 2178 4451 2291 4526; x_wconf 87' lang='lat' dir='ltr'><strong>quam</strong></span> 
     </span>
     <span class='ocr_line' id='line_1_35' title="bbox 509 4545 2289 4646; baseline 0.004 -28"><span class='ocrx_word' id='word_1_343' title='bbox 509 4545 780 4620; x_wconf 88' lang='lat' dir='ltr'><strong>commendant</strong></span> <span class='ocrx_word' id='word_1_344' title='bbox 809 4545 993 4620; x_wconf 83' lang='lat' dir='ltr'><strong>Rscnrsa</strong></span> <span class='ocrx_word' id='word_1_345' title='bbox 1022 4559 1063 4622; x_wconf 92' lang='lat' dir='ltr'><strong>et</strong></span> <span class='ocrx_word' id='word_1_346' title='bbox 1093 4545 1372 4624; x_wconf 67' lang='lat' dir='ltr'><strong>Dasium-3⁰</strong></span> <span class='ocrx_word' id='word_1_347' title='bbox 1403 4545 1515 4620; x_wconf 86' lang='lat' dir='ltr'><strong>Nova</strong></span> <span class='ocrx_word' id='word_1_348' title='bbox 1548 4551 1768 4623; x_wconf 78' lang='lat' dir='ltr'><strong>arnnruna&#39;.</strong></span> <span class='ocrx_word' id='word_1_349' title='bbox 1799 4547 1975 4646; x_wconf 88' lang='lat' dir='ltr'><strong>Reliquis</strong></span> <span class='ocrx_word' id='word_1_350' title='bbox 2005 4545 2198 4624; x_wconf 89' lang='lat' dir='ltr'><strong>methodis</strong></span> <span class='ocrx_word' id='word_1_351' title='bbox 2220 4549 2289 4626; x_wconf 89' lang='lat' dir='ltr'><strong>ubi</strong></span> 
     </span>
     <span class='ocr_line' id='line_1_36' title="bbox 510 4654 2287 4773; baseline 0.005 -37"><span class='ocrx_word' id='word_1_352' title='bbox 510 4661 676 4738; x_wconf 88' lang='lat' dir='ltr'><strong>indicata</strong></span> <span class='ocrx_word' id='word_1_353' title='bbox 706 4675 767 4738; x_wconf 91' lang='lat' dir='ltr'><strong>est</strong></span> <span class='ocrx_word' id='word_1_354' title='bbox 798 4677 837 4738; x_wconf 91' lang='lat' dir='ltr'><strong>et</strong></span> <span class='ocrx_word' id='word_1_355' title='bbox 868 4663 993 4754; x_wconf 80' lang='lat' dir='ltr'><strong>nullae</strong></span> <span class='ocrx_word' id='word_1_356' title='bbox 1023 4669 1181 4740; x_wconf 88' lang='lat' dir='ltr'><strong>obstent</strong></span> <span class='ocrx_word' id='word_1_357' title='bbox 1212 4654 1602 4740; x_wconf 82' lang='lat' dir='ltr'><strong>contrsindteaiiones</strong></span> <span class='ocrx_word' id='word_1_358' title='bbox 1632 4667 1882 4767; x_wconf 79' lang='lat' dir='ltr'><strong>praeferenda</strong></span> <span class='ocrx_word' id='word_1_359' title='bbox 1930 4679 2004 4742; x_wconf 89' lang='lat' dir='ltr'><strong>est.</strong></span> <span class='ocrx_word' id='word_1_360' title='bbox 2018 4707 2056 4724; x_wconf 90' lang='lat'>-</span> <span class='ocrx_word' id='word_1_361' title='bbox 2073 4665 2287 4773; x_wconf 87' lang='lat' dir='ltr'><strong>Successus</strong></span> 
     </span>
     <span class='ocr_line' id='line_1_37' title="bbox 511 4771 2289 4884; baseline 0.003 -28"><span class='ocrx_word' id='word_1_362' title='bbox 511 4783 595 4856; x_wconf 88' lang='lat' dir='ltr'><strong>eius</strong></span> <span class='ocrx_word' id='word_1_363' title='bbox 625 4780 704 4858; x_wconf 92' lang='lat' dir='ltr'><strong>hoc</strong></span> <span class='ocrx_word' id='word_1_364' title='bbox 732 4795 918 4883; x_wconf 89' lang='lat' dir='ltr'><strong>respectu</strong></span> <span class='ocrx_word' id='word_1_365' title='bbox 947 4785 1096 4884; x_wconf 87' lang='lat' dir='ltr'><strong>pendet</strong></span> <span class='ocrx_word' id='word_1_366' title='bbox 1128 4788 1238 4860; x_wconf 88' lang='lat' dir='ltr'><strong>variis</strong></span> <span class='ocrx_word' id='word_1_367' title='bbox 1268 4809 1291 4858; x_wconf 84' lang='lat' dir='ltr'><strong>s</strong></span> <span class='ocrx_word' id='word_1_368' title='bbox 1322 4771 1619 4858; x_wconf 82' lang='lat' dir='ltr'><strong>conditionibus.</strong></span> <span class='ocrx_word' id='word_1_369' title='bbox 1638 4833 1675 4848; x_wconf 91' lang='grc'><strong>-</strong></span> <span class='ocrx_word' id='word_1_370' title='bbox 1691 4782 1899 4860; x_wconf 88' lang='lat' dir='ltr'><strong>Piilmones</strong></span> <span class='ocrx_word' id='word_1_371' title='bbox 1929 4786 2123 4860; x_wconf 76' lang='lat' dir='ltr'><strong>interilum</strong></span> <span class='ocrx_word' id='word_1_372' title='bbox 2144 4787 2194 4862; x_wconf 89' lang='lat' dir='ltr'><strong>ab</strong></span> <span class='ocrx_word' id='word_1_373' title='bbox 2209 4809 2289 4862; x_wconf 89' lang='lat' dir='ltr'><strong>om·</strong></span> 
     </span>
     <span class='ocr_line' id='line_1_38' title="bbox 504 4901 2287 5006; baseline 0.002 -30"><span class='ocrx_word' id='word_1_374' title='bbox 504 4903 550 4976; x_wconf 84' lang='lat' dir='ltr'><strong>sti</strong></span> <span class='ocrx_word' id='word_1_375' title='bbox 579 4913 690 5001; x_wconf 89' lang='lat' dir='ltr'><strong>parte</strong></span> <span class='ocrx_word' id='word_1_376' title='bbox 720 4923 806 4978; x_wconf 88' lang='lat' dir='ltr'><strong>cum</strong></span> <span class='ocrx_word' id='word_1_377' title='bbox 835 4901 972 5002; x_wconf 87' lang='lat' dir='ltr'><strong>pleura</strong></span> <span class='ocrx_word' id='word_1_378' title='bbox 1000 4907 1162 4982; x_wconf 77' lang='lat' dir='ltr'><strong>firmiter</strong></span> <span class='ocrx_word' id='word_1_379' title='bbox 1192 4903 1408 4980; x_wconf 78' lang='lat' dir='ltr'><strong>cohaerent.</strong></span> <span class='ocrx_word' id='word_1_380' title='bbox 1441 4903 1635 5006; x_wconf 88' lang='lat' dir='ltr'><strong>Exempla.</strong></span> <span class='ocrx_word' id='word_1_381' title='bbox 1667 4905 1750 4978; x_wconf 89' lang='lat' dir='ltr'><strong>Tali</strong></span> <span class='ocrx_word' id='word_1_382' title='bbox 1781 4907 1820 4978; x_wconf 94' lang='lat' dir='ltr'><strong>in</strong></span> <span class='ocrx_word' id='word_1_383' title='bbox 1850 4929 1941 4978; x_wconf 89' lang='lat' dir='ltr'><strong>casu</strong></span> <span class='ocrx_word' id='word_1_384' title='bbox 1958 4927 2092 4980; x_wconf 89' lang='lat' dir='ltr'><strong>omnes</strong></span> <span class='ocrx_word' id='word_1_385' title='bbox 2115 4917 2194 4982; x_wconf 89' lang='lat' dir='ltr'><strong>tres</strong></span> <span class='ocrx_word' id='word_1_386' title='bbox 2208 4929 2287 4980; x_wconf 89' lang='lat' dir='ltr'><strong>me·</strong></span> 
     </span>
     <span class='ocr_line' id='line_1_39' title="bbox 507 5020 2286 5124; baseline 0.003 -28"><span class='ocrx_word' id='word_1_387' title='bbox 507 5033 671 5096; x_wconf 79' lang='lat' dir='ltr'><strong>moratas</strong></span> <span class='ocrx_word' id='word_1_388' title='bbox 700 5020 873 5098; x_wconf 89' lang='lat' dir='ltr'><strong>methodi</strong></span> <span class='ocrx_word' id='word_1_389' title='bbox 902 5023 1045 5098; x_wconf 87' lang='lat' dir='ltr'><strong>hustra</strong></span> <span class='ocrx_word' id='word_1_390' title='bbox 1074 5021 1368 5098; x_wconf 87' lang='lat' dir='ltr'><strong>adhiberentur.</strong></span> <span class='ocrx_word' id='word_1_391' title='bbox 1399 5023 1534 5124; x_wconf 66' lang='lat' dir='ltr'><strong>prid.</strong></span> <span class='ocrx_word' id='word_1_392' title='bbox 1550 5030 1591 5084; x_wconf 91' lang='lat'><strong>·-&#39;</strong></span> <span class='ocrx_word' id='word_1_393' title='bbox 1604 5021 1818 5124; x_wconf 88' lang='lat' dir='ltr'><strong>Opinionis,</strong></span> <span class='ocrx_word' id='word_1_394' title='bbox 1850 5047 1962 5122; x_wconf 86' lang='lat' dir='ltr'><strong>quam</strong></span> <span class='ocrx_word' id='word_1_395' title='bbox 2001 5049 2025 5100; x_wconf 92' lang='lat' dir='ltr'><strong>a</strong></span> <span class='ocrx_word' id='word_1_396' title='bbox 2055 5021 2286 5102; x_wconf 82' lang='lat' dir='ltr'><strong>Sanarssno</strong></span> 
     </span>
     <span class='ocr_line' id='line_1_40' title="bbox 495 5139 2285 5245; baseline 0.004 -33"><span class='ocrx_word' id='word_1_397' title='bbox 495 5140 694 5238; x_wconf 87' lang='lat' dir='ltr'><strong>prolatam</strong></span> <span class='ocrx_word' id='word_1_398' title='bbox 723 5143 878 5242; x_wconf 90' lang='lat' dir='ltr'><strong>repetiit</strong></span> <span class='ocrx_word' id='word_1_399' title='bbox 909 5143 1339 5233; x_wconf 68' lang='lat' dir='ltr'><strong>duodeuicesima,</strong></span> <span class='ocrx_word' id='word_1_400' title='bbox 1370 5145 1543 5218; x_wconf 85' lang='lat' dir='ltr'><strong>nimirum</strong></span> <span class='ocrx_word' id='word_1_401' title='bbox 1574 5143 1628 5218; x_wconf 90' lang='lat' dir='ltr'><strong>de</strong></span> <span class='ocrx_word' id='word_1_402' title='bbox 1663 5165 1749 5220; x_wconf 88' lang='lat' dir='ltr'><strong>rara</strong></span> <span class='ocrx_word' id='word_1_403' title='bbox 1779 5139 2001 5245; x_wconf 82' lang='lat' dir='ltr'><strong>pulmonum</strong></span> <span class='ocrx_word' id='word_1_404' title='bbox 2031 5165 2117 5218; x_wconf 88' lang='lat' dir='ltr'><strong>cum</strong></span> <span class='ocrx_word' id='word_1_405' title='bbox 2147 5143 2285 5244; x_wconf 90' lang='lat' dir='ltr'><strong>pleura</strong></span> 
     </span>
     <span class='ocr_line' id='line_1_41' title="bbox 508 5259 2285 5364; baseline 0.002 -30"><span class='ocrx_word' id='word_1_406' title='bbox 508 5259 730 5354; x_wconf 83' lang='lat' dir='ltr'><strong>coalitione,</strong></span> <span class='ocrx_word' id='word_1_407' title='bbox 761 5259 988 5362; x_wconf 89' lang='lat' dir='ltr'><strong>disquisitio.</strong></span> <span class='ocrx_word' id='word_1_408' title='bbox 1016 5261 1218 5340; x_wconf 85' lang='lat' dir='ltr'><strong>Reiutatio</strong></span> <span class='ocrx_word' id='word_1_409' title='bbox 1248 5261 1361 5338; x_wconf 89' lang='lat' dir='ltr'><strong>buius</strong></span> <span class='ocrx_word' id='word_1_410' title='bbox 1393 5265 1583 5362; x_wconf 88' lang='lat' dir='ltr'><strong>opinionis</strong></span> <span class='ocrx_word' id='word_1_411' title='bbox 1613 5285 1693 5364; x_wconf 88' lang='lat' dir='ltr'><strong>ope</strong></span> <span class='ocrx_word' id='word_1_412' title='bbox 1725 5275 2038 5364; x_wconf 85' lang='lat' dir='ltr'><strong>argumentorum</strong></span> <span class='ocrx_word' id='word_1_413' title='bbox 2070 5285 2094 5338; x_wconf 91' lang='lat' dir='ltr'><strong>e</strong></span> <span class='ocrx_word' id='word_1_414' title='bbox 2123 5265 2285 5364; x_wconf 86' lang='lat' dir='ltr'><strong>partium</strong></span> 
     </span>
    </p>
   </div>
   <div class='ocr_carea' id='block_1_7' title="bbox 0 0 2485 6052">
    <p class='ocr_par' dir='ltr' id='par_1_7' title="bbox 0 0 2485 6052">
     <span class='ocr_line' id='line_1_42' title="bbox 0 0 2485 6052; baseline 0 0"><span class='ocrx_word' id='word_1_415' title='bbox 0 0 2485 6052; x_wconf 95' lang='lat' dir='ltr'><strong> </strong></span> 
     </span>
    </p>
   </div>
  </div>
 </body>
</html>
