4960 6054
1013 482 1241 564 nm,

167 679 304 769 melle
336 667 481 767 rosato
514 689 563 766 et
594 678 841 792 liquamine
875 681 1108 794 myrrhae,
1140 679 1265 765 inter
1313 707 1672 794 unamquamque
1720 683 1955 795 deligatio·
2116 676 2121 684 ’

161 853 265 912 nem
299 831 588 942 repetendae.
636 826 729 912 Pro
760 827 1018 912 huiusmodi
1057 827 1383 913 iniectionibus
1417 827 1467 912 in
1522 840 1748 944 posterum
1797 835 1952 916 decoc-

165 983 259 1058 tum
292 975 509 1060 corticum
528 973 777 1058 cinchonae
811 967 1054 1058 officinalis
1088 1001 1188 1057 cum
1230 973 1387 1060 iisdem
1420 975 1631 1062 remediis
1680 977 1765 1086 uti,
1813 989 1950 1088 atque

164 1119 235 1206 his
269 1131 399 1208 sexta
433 1089 713 1206 hebdomade
745 1123 937 1238 insuper
955 1119 1211 1235 pauxillum
1236 1120 1416 1205 balsami
1432 1122 1673 1236 peruviani
1705 1123 1826 1234 nigri
1845 1123 1952 1209 addi
2103 1086 2136 1150 Ἰ

161 1277 372 1382 coeptum
406 1279 486 1355 est.
519 1264 691 1352 Harum
726 1265 1040 1373 iniectionum,
1075 1293 1213 1378 quum
1231 1266 1482 1352 itendidem
1499 1269 1677 1383 aliquid
1700 1270 1751 1352 in
1766 1283 1955 1382 pectore

163 1415 221 1498 ab
256 1441 344 1498 una
378 1419 435 1498 ad
467 1415 651 1500 alteram
670 1412 991 1524 deligationem
1006 1409 1300 1522 remansisset,
1318 1415 1584 1500 excitabant
1600 1399 1954 1532 illae'proprium
2017 1485 2025 1496 .

144 1559 330 1668 ‘sibi‘in
372 1559 527 1670 lingua
560 1557 962 1674 saporem-Circa
995 1561 1320 1674 hebdomadem
1351 1562 1568 1648 decimam
1595 1561 1787 1668 tertiam,
1804 1589 1954 1674 aegro-

163 1714 208 1789 to
250 1707 336 1790 iam
369 1732 461 1792 sese
494 1703 752 1815 reficiente,
785 1706 1083 1816 deligationes
1100 1706 1302 1815 rariores,
1319 1708 1462 1820 primo
1478 1709 1615 1792 semel
1631 1735 1714 1822 per
1729 1708 1849 1794 diem
1868 1709 1953 1794 fac·

162 1861 254 1961 tae,
287 1852 398 1938 dein
431 1865 580 1942 autem
613 1853 664 1938 in
697 1855 817 1938 diem
851 1852 1040 1962 singulae
1073 1853 1257 1964 alteram
1273 1852 1459 1937 reiectae
1490 1865 1608 1940 sunt.
1645 1851 1719 1940 Sic
1773 1860 1951 1939 tandem

157 1999 320 2084 sensim
351 1999 658 2114 paulatimque
695 2008 788 2082 tum
820 2025 903 2114 per
934 1999 1099 2086 vulnus
1130 1999 1255 2111 puris
1288 1997 1514 2107 excretio,
1551 2010 1643 2084 tum
1658 2027 1742 2116 per
1757 2025 1952 2116 asperam

158 2144 368 2230 arteriam
402 2171 493 2232 sese
528 2141 769 2255 imminuit,
803 2143 943 2231 rediit
977 2144 1099 2230 cibos
1132 2144 1342 2258 capiendi
1390 2145 1664 2262 appetentia,
1697 2145 1952 2254 redierunt,

163 2295 290 2377 tarde
339 2291 464 2416 licet,
504 2291 622 2377 vires
654 2293 924 2407 deperditae.
957 2290 1045 2376 Eas
1088 2291 1223 2376 etiam
1256 2293 1414 2396 saluus,
1445 2291 1646 2420 tamdiu
1679 2265 1954 2379 desideratas

160 2439 527 2524 commutationes
574 2439 696 2526 vocis
730 2459 916 2550 quoque
944 2435 1041 2552 pari
1075 2436 1251 2524 ratione
1285 2449 1474 2550 sequuta
1508 2449 1577 2530 est
1608 2438 1951 2548 redintegratio.

161 2581 264 2668 Hoc
296 2590 428 2671 modo
461 2594 668 2695 aegrotus
700 2584 893 2700 plenam,
927 2608 1024 2668 sero
1051 2583 1561 2701 demum-septedecim
1595 2585 1951 2672 hebdomadibus¹

159 2729 331 2845 elapsis,
384 2730 590 2842 tantique
640 2731 780 2846 pretii
822 2730 1007 2815 salutem
1041 2731 1344 2846 recuperavit,
1377 2743 1514 2843 atque
1547 2733 1598 2818 id
1631 2733 1817 2844 quidem
1854 2742 1949 2815 tum

157 2900 240 2990 per
271 2877 595 2965 medicamenta
628 2882 760 2962 modo
795 2888 1021 2986 enarrata,
1055 2876 1218 2988 quibus
1251 2874 1393 2963 finem
1426 2879 1625 2964 remedia
1657 2905 1685 2962 e
1718 2879 1851 2962 classe
1888 2887 1951 2960 to·
2101 2883 2107 2890 ’

158 3023 382 3132 uicorum,
413 3024 655 3146 praecipue
688 3034 837 3107 autem
871 3023 994 3110 inter
1026 3020 1138 3108 ferri
1171 3015 1429 3138 praeparata
1466 3025 1664 3108 tinctura
1695 3024 1845 3108 martis
1873 3052 1950 3137 cy·
2035 3001 2043 3014 ⁸
2093 3071 2098 3082 ·

75 3213 81 3220 ·
158 3170 342 3254 doniata
389 3168 698 3280 imponebant,
734 3180 827 3252 tum
860 3195 941 3281 per
974 3167 1164 3253 diaetam
1198 3169 1479 3254 nutrientem
1512 3179 1744 3284 peractum
1777 3180 1859 3276 est,
1895 3179 1950 3253 ut

155 3339 241 3430 per
274 3315 343 3398 lac
377 3305 624 3426 caprinum,
659 3341 749 3424 quo
782 3311 902 3396 nihil
935 3313 1010 3396 hic
1045 3309 1292 3424 efficacius,
1309 3320 1367 3399 ad
1398 3316 1566 3402 lectum
1598 3315 1772 3427 aegroti
1805 3316 1948 3400 mulso

156 3470 295 3572 atque
326 3457 475 3543 halitu
507 3458 628 3578 vitae
660 3485 755 3542 non
788 3457 1021 3567 destituto,
1054 3468 1283 3574 repertum
1317 3469 1396 3550 est.

222 3604 379 3695 Salute
415 3617 560 3690 tamen
594 3615 855 3720 recuperata
887 3605 1188 3719 perlongum
1221 3609 1369 3694 adhuc
1405 3616 1575 3720 tempus
1589 3633 1686 3692 vox
1703 3607 1834 3694 'rauca
1849 3633 1948 3724 per·

157 3755 382 3862 manebat3
411 3731 572 3838 'rediit
602 3777 711 3836 vero
746 3761 842 3836 tum
874 3751 959 3858 iam
993 3757 1051 3836 ad
1082 3753 1278 3866 priorem
1314 3725 1512 3840 indolem
1546 3781 1680 3863 samm,
1711 3765 1946 3870 postquam

158 3928 332 4016 corpus,
382 3897 554 3982 viribus
585 3923 668 4010 per
700 3896 895 3982 diaetam
943 3897 1241 4008 nutrientem,
1274 3911 1340 3986 sat
1372 3900 1454 3985 diu
1486 3901 1734 3986 adhibitam
1768 3902 1946 3987 restitu-

160 4047 230 4155 tis,
263 4051 321 4132 ad
352 4040 686 4160 plenitudinem
711 4071 893 4157 quoque
909 4056 1195 4158 pervenerat,
1212 4019 1316 4159 quae
1333 4047 1383 4131 in
1399 4057 1625 4163 posterum
1641 4047 1782 4134 maior
1797 4047 1947 4164 pristi-

153 4219 216 4278 na
250 4191 461 4280 evasit-
549 4225 557 4241 ¹
897 4181 899 4186 ’

110 4319 128 4346 ”
222 4337 452 4440 Quamdiu
499 4361 622 4420 curae
670 4337 849 4421 suberat
897 4347 1118 4448 aegrotus,
1150 4365 1303 4464 omues
1336 4341 1644 4455 atmospbaerae
1675 4307 1943 4426 vicissitudi-

155 4511 235 4572 nes
268 4482 501 4570 manifeste
535 4481 585 4566 in
616 4482 780 4568 vulnus
812 4482 902 4568 vim
936 4511 1055 4570 suam
1074 4489 1385 4596 exercebant,
1417 4487 1612 4576 humida
1627 4489 1746 4574 enim
1763 4486 1945 4599 frigida·

156 4659 247 4746 que
280 4643 328 4718 et
359 4607 511 4746 aspera
545 4638 776 4746 tempestas
810 4638 857 4714 et
889 4632 1165 4744 hydrargyri
1199 4633 1249 4716 in
1283 4637 1534 4718 barometro
1568 4633 1761 4721 inferior
1794 4635 1943 4742 statio,
1976 4697 1979 4706 .

154 4780 342 4868 salutem
389 4776 566 4890 aegroti,
614 4775 814 4887 quamvis
848 4775 1103 4904 immediate
1137 4779 1231 4863 aeri
1264 4780 1415 4894 aprico
1447 4805 1543 4864 non
1576 4781 1798 4898 expositi,
1836 4807 1941 4868 sem-

152 4953 237 5043 per
268 4926 557 5032 deteriorem,
606 4911 942 5038 respirationem
987 4927 1121 5040 etiam
1171 4929 1438 5012 reddebant
1466 4927 1790 5038 difficiliorem,
1839 4953 1941 5010 cum

152 5073 328 5159 vicibus
377 5071 501 5158 statis
550 5069 822 5154 contrarium
856 5070 990 5184 plane
1040 5071 1257 5159 effectum
1290 5075 1492 5162 sentiret.
1536 5073 1615 5162 Ad
1649 5075 1856 5160 ultimum
1890 5046 1942 5156 id

152 5245 338 5334 quoque
370 5203 559 5333 dignuin
591 5243 683 5306 esse
718 5215 946 5327 existimo,
980 5226 1103 5330 quod
1135 5223 1211 5309 hic
1243 5223 1427 5312 silentio
1457 5250 1552 5310 uon
1568 5207 1940 5340 praetermittam,
