4942 6048
855 467 867 504 ι
999 397 1148 538 ἰι

997 675 1144 796 W
1209 669 1215 680 .

238 831 452 948 Quamvis
485 843 608 957 signa
639 845 740 930 haec
774 864 1008 962 (5579-81)
1042 841 1255 932 sufficere
1283 845 1540 958 videantur,
1564 858 1761 938 attamen
1793 877 1820 938 e
1852 828 1961 939 non·
2021 857 2023 864 '
2057 858 2069 874 '

172 971 313 1057 nullis
347 997 517 1080 eorum,
551 996 817 1060 smnuns'mm
843 969 1164 1083 consideratis,
1212 1001 1412 1085 nuuqsm,
1468 978 1599 1061 immo
1633 979 1765 1065 etiam
1799 1007 1825 1065 e
1860 972 1994 1066 con·=
2036 1065 2039 1078 ,

174 1099 406 1212 gujatione
441 1127 596 1184 eorum
626 1129 723 1245 nors
751 1125 925 1184 snuenn
975 1101 1210 1214 chirurgus
1251 1129 1353 1186 cum
1401 1127 1634 1192 Assonura
1667 1135 1961 1195 cnarmuouus
2042 1177 2047 1196 .

39 1319 47 1326 ,
173 1225 394 1310 iudicium
428 1230 485 1312 de
518 1227 746 1338 sanguinis
789 1228 1197 1316 extravasatione
1183 1256 1234 1314 ιιι
1265 1242 1449 1344 pectore
1498 1227 1619 1316 lerre
1667 1243 1827 1346 potest.
1860 1237 1961 1318 Dm·

92 1377 99 1382 *
175 1378 357 1439 stouras
390 1378 529 1442 aoros
562 1377 905 1463 assamamoms,
946 1353 1142 1474 pectoris
1189 1358 1429 1472 oppressio,
1479 1357 1678 1448 intensio
1721 1361 1838 1446 circa
1871 1389 1962 1476 sep·

177 1486 274 1564 tum·
308 1469 617 1586 transversum,
645 1481 1014 1596 perturbationes
1044 1485 1219 1598 pulsus,
1251 1483 1453 1620 violenta
1484 1511 1651 1599 asperae
1700 1488 1880 1574 arteriae
1914 1499 1964 1574 et

175 1607 401 1720 oesophagi
435 1609 728 1716 constrictio,
762 1610 1076 1724 expectoratio
1109 1587 1352 1724 sanguinis
1400 1595 1605 1728 spumosi,
1653 1616 1859 1722 vomitus,
1895 1641 1962 1700 re·

121 1765 129 1774 ·
175 1729 408 1844 frigeratio
458 1735 574 1822 cutis
616 1747 664 1821 et
702 1735 954 1847 labiorum,
1004 1737 1183 1850 aliaque
1231 1737 1421 1824 similia
1441 1745 1732 1854 symptomata
1779 1752 1963 1854 possunt

172 1858 273 1944 sine
306 1861 400 1984 ulla
430 1862 656 1972 sanguinis
688 1863 1049 1950 extravasatione
1085 1842 1293 1978 tanquam
1326 1867 1522 1976 sequelae
1553 1867 1795 1982 provenire
1836 1895 1862 1954 e
1895 1866 1963 1952 ni·

140 1985 266 2068 ‘mio
300 1998 456 2097 metu,
490 1988 819 2096 commotione,
868 1989 1127 2076 laesionibus
1167 1993 1446 2102 mediastini,
1456 1987 1487 2063 ¹¹)
1526 1993 1714 2080 musculi
1762 1992 1970 2112 latissimi.

147 2106 350 2222 ‘dorsi⁵),
383 2122 461 2196 aut
513 2115 711 2200 tendinis
760 2117 957 2202 eiusdem
1008 2115 1078 2235 (ia
1091 2175 1107 2228 ,
1142 2124 1266 2229 quod
1300 2130 1487 2204 testatur
1533 2115 1838 2237 troanno),
1887 2121 1964 2206 vel
2013 2237 2014 2242 Ν
2080 2226 2084 2236 A

175 2244 422 2356 secundum
455 2237 788 2330 Vannsrmoffl)
830 2243 1018 2330 musculi
1051 2245 1289 2358 pectoralis
1321 2247 1513 2355 majoris,
1546 2249 1621 2331 vel
1654 2248 1813 2332 ramuli
1861 2273 1961 2331 ner·

138 2365 225 2448 ·'vi
258 2367 500 2475 crsjusdam,
533 2371 656 2452 unde
689 2369 957 2482 spasmodica
987 2373 1182 2484 pectoris
1215 2373 1477 2480 constrictio
1510 2399 1602 2458 una
1635 2400 1734 2458 cum
1768 2374 1961 2486 sequelis

134 2517 139 2524 ·
175 2493 417 2578 nominatis
450 2493 561 2577 oriri
594 2494 719 2580 solet.
753 2494 891 2582 Certe
941 2497 1125 2606 quidem
1174 2499 1250 2582 hic
1300 2499 1541 2610 discrimen
1590 2499 1779 2609 aliquod
1810 2500 1961 2588 statui·
2064 2531 2068 2558 ι

158 2627 268 2728 tur,
302 2623 425 2751 quod
457 2646 619 2734 nempe
653 2621 778 2732 signa
833 2624 1206 2709 extravasationis
1253 2623 1312 2708 in
1355 2625 1622 2712 uniuersum
1667 2654 1762 2710 ιιοιι
1803 2626 1964 2712 statim

164 2735 417 2863 ¹laesionem
430 2757 661 2890 acceptam
695 2757 955 2858 sequantur,
989 2749 1111 2834 sed
1095 2777 1183 2859 Jam
1218 2756 1430 2861 quodam
1445 2763 1643 2896 tempore
1694 2746 1962 2869 praeterlap-
2064 2753 2066 2758 ’

176 2897 240 2979 so,
256 2881 392 2985 prout
422 2871 515 2987 ipsa
549 2872 850 2960 extravasatio
883 2876 1043 2962 sensim
1073 2877 1378 2992 paulatimque
1412 2877 1640 2986 exoritur,
1666 2905 1758 2965 sese
1781 2877 1991 2964 manile?

145 3007 315 3106 stent,
349 2997 434 3084 alia
467 3027 576 3086 vero
608 3001 679 3086 his
710 2999 887 3115 similia,
929 3030 1033 3112 quae
1065 3028 1158 3094 amn
1190 3031 1310 3090 unns
1356 3001 1765 3090 sxrisavsstmosn
1813 3009 1964 3092 adesse

175 3134 376 3239 possunt,
411 3123 666 3214 immediate
697 3136 797 3242 post
829 3127 1069 3214 laesionem·
1112 3131 1371 3244 appareant,
1404 3135 1620 3242 quodqu'e
1672 3139 1999 3244 symptomata·

177 3250 461 3364 spasmodica,
495 3279 598 3361 quae
629 3279 725 3336 non
741 3256 797 3337 ab
815 3255 1177 3366 extravasatiqne
1209 3259 1481 3369 procedunt,
1516 3267 1615 3372 post
1647 3259 1833 3366 aliquod
1859 3268 1964 3345 tem-
2009 3319 2034 3340 ..

177 3403 277 3491 pus,
310 3379 383 3490 vel
416 3405 492 3462 sua
525 3389 699 3492 sponte,
715 3382 789 3464 vel
804 3407 886 3494 per
918 3381 1116 3466 remedia
1148 3391 1249 3495 apta
1282 3383 1456 3496 spasmis
1488 3383 1810 3470 convenientia
1841 3381 1966 3470 adhi-

179 3504 291 3612 bita,
323 3514 402 3590 aut
434 3504 759 3615 diminuantur,
792 3517 871 3590 aut
902 3508 1036 3622 plane
1069 3507 1205 3594 etiam
1241 3510 1469 3598 tollantur.
1502 3509 1617 3596 Haec
1634 3512 1837 3621 quidem
1856 3537 1964 3594 ‘om-

97 3729 103 3734 ,
178 3631 257 3716 nia
290 3657 419 3744 supra
453 3632 574 3716 dicta
607 3633 730 3744 signa
763 3659 933 3748 semper
964 3635 1168 3746 ambigua
1202 3638 1412 3745 evadent,
1455 3638 1817 3724 extravasatione
1867 3661 1963 3722 sen·
2006 3701 2014 3716 .

123 3781 127 3791 ·
178 3757 261 3860 sim
292 3757 596 3871 paulatimque
628 3763 918 3872 procedente.
967 3760 1118 3846 Κιιιιι
1120 3756 1159 3831 ¹¹¹)
1202 3758 1350 3846 adfert
1401 3765 1545 3848 casiam
1594 3763 1676 3848 nbi
1725 3763 1960 3874 sauciatus,

176 3883 468 3993 quinimmo
502 3907 659 3968 sonan
693 3911 918 3970 sitammam
950 3899 1048 3999 post
1080 3868 1321 3974 laesionem
1340 3897 1539 3972 mortuus
1573 3894 1684 3999 erat,
1732 3889 1831 3974 sine
1871 3890 1966 3973 ulla

182 4007 398 4098 molestia
416 4033 652 4094 raosusnn
685 4037 938 4095 ιιιιιιιιιιιιι
970 4011 1163 4156 potuit
1160 4016 1398 4100 cadaveris
1430 4025 1579 4099 autem
1598 4013 1817 4129 inspectio
1842 4040 1965 4128 aper·
2000 4037 2005 4052 ·

183 4147 230 4220 te
262 4132 505 4240 ostendit
508 4161 715 4244 magnam
741 4137 928 4266 copiam
944 4139 1173 4249 sanguinis
1203 4141 1358 4250 aquosi
1380 4141 1432 4227 in
1460 4141 1639 4228 sinistra
1671 4123 1966 4280 peolorisca·

182 4262 323 4346 vitate
356 4261 673 4386 accumulatam
706 4259 852 4352 fuisse.

245 4427 487 4513 Praeterea
519 4426 569 4510 id
602 4453 784 4538 quoque
816 4431 1139 4514 observandum
1172 4439 1253 4550 est,
1286 4441 1592 4545 aponptomata,
1625 4430 1864 4518 functione
1897 4459 1964 4516 or-

183 4581 398 4666 ganorum
448 4555 789 4670 respirationem
836 4551 1156 4664 allicientium,
1190 4559 1468 4671 perturbata,
1500 4585 1595 4642 non
1628 4585 1800 4675 semper
1841 4571 1965 4646 recta

126 4710 129 4718 ,
183 4729 730 4768 ...-ψ,

182 4813 227 4905 h)
256 4821 386 4886 Daorsis.
413 4840 444 4886 r..
474 4840 554 4908 op.
574 4839 657 4906 ²99·

183 4923 216 5008 i)
258 4923 778 5010 Byms.1..c.T..11p.518.

117 5025 124 5037 '
183 5023 223 5111 ι)
258 5025 410 5089 ιοιιιιιιιι.
434 5043 478 5090 ns
503 5021 676 5090 msmcnn
699 5041 887 5092 umruss.
915 5041 1004 5090 nc
1030 5023 1072 5088 T.
1085 5021 1130 5088 V.
1156 4983 1292 5111 ρηὸιὸ

184 5123 216 5214 1)
256 5125 424 5192 ιιιειιιιιιι
449 5125 540 5194 Βιιιι.
568 5122 720 5212 chimrg.
747 5129 787 5192 T.
802 5130 845 5192 11.
873 5129 968 5192 Fasc.
1002 5150 1032 5191 ι.
1058 5143 1096 5213 p.
1126 5126 1269 5192 tra-ln
1293 5127 1416 5194 susc.
1443 5139 1474 5193 ι.
1504 5129 1690 5220 epam&

183 5227 411 5314 m)Kt.sm‚
400 5248 438 5294 m
463 5234 566 5298 ιιοιι.
600 5225 828 5302 lahrbitchcr.
855 5249 887 5296 ι..
914 5247 946 5296 c.
972 5223 1017 5298 T.
1031 5229 1103 5294 x1.
1116 5246 1154 5315 p.
1170 5229 1229 5295 so.
1311 5269 1315 5276 ·
