4942 6048
1372 427 1457 510 ut

589 645 633 776 a)
669 644 1034 736 Sinuessanum
1085 671 1127 732 m
1177 661 1358 732 namur
1392 673 1459 733 ιιι
1491 672 1762 738 ωιιιιιιιιιιιι
1793 673 2118 740 cumanorum
2150 675 2328 738 ormu-

527 803 726 886 umnuo,
743 775 870 886 isque
912 773 989 883 ita,
1038 778 1413 884 quemadmodum
1460 777 1488 890 5
1539 781 1596 886 96
1647 777 1967 894 praescriptum
2011 779 2102 865 fuit
2150 767 2327 896 compa·

527 915 663 1012 ratus,
711 914 764 988 ut
803 927 964 1016 nempe
995 912 1166 1017 partem
1198 902 1393 1026 pectoris
1425 899 1627 989 infimam
1660 918 1852 1020 occupet
1884 917 2105 1020 apertura.

592 1026 642 1150 b)
676 1031 930 1137 Ltooonuu,
965 1053 1043 1134 our
1077 1053 1289 1136 omnum,
1321 1053 1472 1134 eroon
1504 1057 1705 1118 unsrun
1732 1057 2009 1140 nrssomorn,
2028 1059 2320 1120 tursomoam.

420 1185 427 1200 ¹
527 1157 593 1244 Hi
626 1157 811 1269 quidem
845 1155 1151 1240 immittuntur
1184 1155 1235 1239 in
1251 1155 1525 1267 superiorem
1557 1155 1807 1278 (romum)
1840 1159 2035 1272 pectoris
2048 1151 2354 1276 aperturam,-

529 1311 620 1398 quo
652 1281 772 1368 facto
805 1282 983 1368 diluens
1014 1307 1098 1394 per
1130 1278 1393 1366 inferiorem
1425 1277 1710 1400 (furuum)
1743 1281 1914 1370 effluit.
1950 1285 2101 1388 Quum
2116 1297 2227 1374 tero
2260 1293 2323 1372 de

529 1436 612 1498 usu
651 1411 960 1496 iniectionum-
980 1409 1033 1492 iu
1065 1407 1260 1522 pectoris
1275 1406 1539 1494 vulneribus
1570 1417 1704 1530 antea
1721 1411 1823 1497 satis
1840 1411 1925 1496 iam
1943 1409 2001 1530 (ss
2024 1435 2082 1498 ss.
2103 1411 2321 1530 sos-103.)

527 1565 553 1624 a
587 1537 717 1624 nobis
746 1537 1026 1654 disputatum*
1056 1533 1128 1642 sit,
1161 1536 1237 1618 hic
1270 1538 1577 1620 tantummodo
1594 1537 1655 1618 de
1675 1535 1779 1644 illis,
1819 1548 2026 1648 tauquam
2045 1537 2246 1622 remedio
2262 1545 2323 1622 ad

480 1687 484 1694 ·
529 1664 934 1752 extravasatiouem
967 1665 1254 1746 amovendam
1287 1671 1408 1776 apto,
1455 1659 1737 1746 tractabimus
1771 1668 1928 1748 eodem
1977 1665 2059 1748 sub
2091 1669 2323 1776 adspectu.

529 1787 596 1875 At
627 1817 735 1874 vero
771 1791 871 1875 u'sus
887 1790 961 1874 vel
980 1787 1365 1874 blandissimorum
1398 1811 1569 1901 semper
1587 1800 1737 1872 manet
1753 1800 1991 1903 suspectus.
2026 1789 2320 1904 Quapropter

530 1927 641 2002 tunc
658 1923 851 2024 demum,
883 1917 964 2000 ubi
997 1911 1233 2000 suffocatio
1266 1914 1437 2024 aegroti
1470 1913 1679 2028 proxime
1712 1913 1848 2001 instat
1881 1927 1929 2002 et
1946 1917 2097 2026 liquor
2114 1927 2321 2002 extrava-

529 2054 646 2130 satus
678 2043 806 2144 nullo
840 2053 970 2156 pacto
1003 2041 1136 2128 educi
1169 2051 1333 2154 potest,
1365 2067 1449 2156 per
1480 2039 1749 2204 iniectiones
1791 2044 1887 2128 eius
1905 2041 2134 2129 effluxum
2152 2045 2321 2128 facilio-

530 2197 624 2256 rem
647 2175 839 2256 reddere
871 2171 994 2254 licet.

588 2292 638 2420 c)
594 2296 859 2382 clerano
891 2323 932 2380 m
971 2319 1172 2381 oournx·
1179 2317 1468 2384 aerumnam
1498 2321 1669 2404 uocms,
1703 2321 1736 2381 a
1766 2321 2016 2384 mrnmuos
2047 2321 2113 2382 an
2130 2321 2320 2384 osum

531 2449 729 2510 sonuum
762 2450 986 2524 nisenam
1002 2443 1243 2508 ιιιιιιιιιιιιι
1260 2417 1586 2540 (cucurrerit),
1604 2447 1693 2506 vm.
1725 2446 1985 2510 nonnanis.
2017 2421 2117 2506 Hac
2129 2422 2321 2508 occasio

529 2576 591 2636 ne
624 2561 799 2636 veteres
849 2553 1079 2635 turandam
1129 2576 1155 2656 e
1204 2549 1349 2632 linteo
1384 2559 1536 2660 carpto
1569 2549 1862 2660 adhibebant,
1894 2551 2073 2662 liquore
2114 2552 2320 2634 vulnera·

530 2679 602 2770 rio
634 2677 847 2762 imbutam
857 2671 898 2786 ¹),
916 2669 1003 2787 qu'a
1034 2676 1087 2758 in
1105 2683 1530 2787 contra-aperturam
1547 2675 1705 2790 posita,
1723 2679 1838 2760 hanc
1861 2701 2060 2788 eousque
2093 2687 2249 2790 patere
2265 2677 2320 2762 si·

530 2807 718 2914 nebant,
752 2831 842 2913 quo
875 2801 1102 2913 sanguinis
1136 2799 1341 2886 effluxus
1375 2812 1422 2884 et
1465 2813 1601 2888 status
1650 2803 1819 2914 aegroti
1888 2805 1975 2888 boc
2024 2805 2318 2918 postularent.

533 2931 655 3036 Quia
687 2957 796 3017 vero
829 2935 1042 3035 turuuda,
1076 2927 1203 3012 cuius
1239 2929 1290 3012 in
1321 2927 1585 3014 vulneribus
1617 2931 1810 3042 pectoris
1841 2957 1968 3014 usum
2001 2929 2141 3016 fusius
2175 2931 2319 3044 inpo-
2457 2945 2458 2995 l

531 3068 698 3145 sterum
732 3055 802 3176 (in
826 3057 989 3170 capite·
1005 3061 1065 3142 de
1102 3050 1397 3173 deligatione)
1429 3055 1771 3168 explicabimus,
1804 3055 1980 3142 excitat
1996 3052 2315 3166 irritationem,

478 3287 482 3304 .
531 3185 619 3270 vix
651 3185 837 3295 quidem
870 3183 967 3292 ille,
998 3183 1080 3294 qui
1113 3209 1165 3268 ea
1197 3181 1347 3267 utitur
1379 3207 1405 3264 a
1437 3181 1641 3294 periculo
1674 3183 1762 3269 sibi
1794 3195 1938 3292 cavet3
1954 3183 2063 3266 binc
2080 3183 2316 3270 necessita·

535 3321 581 3396 te
613 3309 840 3420 sanguinis
873 3307 1104 3394 effluxum
1138 3307 1310 3394 diutius
1342 3307 1637 3422 promovendi
1670 3320 1879 3420 urgente,
1923 3307 2024 3394 iure
2057 3311 2313 3421 meritoque

533 3438 781 3523 linamento
821 3455 1039 3544 (eamne)
1077 3433 1196 3518 filtri
1227 3433 1327 3517 loco
1349 3434 1577 3520 servienti
1614 3441 1852 3522 turundum
1883 3445 2245 3552 postposuerunt.
2456 3523 2457 3534 Ν

597 3559 648 3682 d)
679 3561 852 3648 Tenum
884 3585 1060 3646 renarro
1094 3587 1152 3644 rm
1168 3585 1465 3647 connumera.
1482 3561 1686 3646 Tubulus
1701 3563 1779 3646 bie
1795 3587 1860 3662 ex
1891 3573 2094 3674 argento,
2126 3563 2203 3648 vel
2223 3591 2318 3673 quo
2456 3553 2457 3559 ‘

532 3688 713 3775 mollior
745 3698 794 3773 et
826 3685 1088 3772 flexibilior
1103 3687 1161 3772 s1t
1160 3687 1419 3800 ,eplumbo
1453 3686 1700 3796 confectus,
1716 3687 2003 3774 suffrcreutec
2018 3691 2179 3800 longus
2201 3685 2317 3808 (uno
2455 3735 2456 3740 ι

533 3811 718 3934 pollice)
752 3816 957 3924 [utruque
990 3811 1203 3932 (quatuor
1235 3809 1386 3928 lineis)
1420 3816 1562 3900 ovalis
1592 3825 1654 3922 et,
1687 3841 1747 3900 ne
1781 3819 1917 3900 laedat
1967 3821 2147 3925 atque
2160 3815 2315 3902 irritet

470 3997 471 4006 .
534 3954 680 4058 partes
712 3941 906 4057 pectoris
939 3939 1155 4046 internas,
1189 3937 1469 4048 rotundatos,
1515 3945 1794 4051 quorundam
1844 3942 2063 4056 opinione
2113 3939 2317 4028 infertur

438 4063 450 4103 ⁸
535 4071 586 4156 in
620 4077 1059 4184 contra-aperturam.
1090 4065 1294 4151 Tubulus
1331 4065 1428 4150 talis
1461 4067 1660 4188 margine
1694 4065 1848 4152 latiori
1863 4069 2117 4162 instructus.
2127 4095 2221 4155 esse
2241 4075 2316 4156 de·
2454 4085 2456 4124 t

536 4197 631 4304 bet,
663 4221 724 4282 ue
741 4198 828 4282 sub
839 4193 1133 4309 inspiratione
1167 4191 1284 4278 forte
1317 4191 1367 4276 in
1400 4194 1596 4307 pectoris
1629 4193 1865 4280 cavitatem
1897 4194 2124 4284 illabetur.
2159 4193 2316 4282 Siclo-

536 4323 660 4408 uiter
693 4331 869 4408 emanat
901 4319 1075 4430 sanguis
1108 4328 1435 4436 extrauasatus,
1467 4320 1714 4465 praesertim
1731 4321 1767 4406 si
1783 4333 2002 4432 aegrotus,
2033 4322 2170 4410 lateri
2191 4326 2315 4434 quod
2454 4335 2455 4340 '

537 4449 679 4535 subiit
710 4447 1031 4564 operationem,
1065 4447 1344 4590 incumbens,
1377 4443 1651 4558 profunde
1637 4447 1870 4562 inspirare,
1908 4459 2001 4534 tum
2034 4474 2160 4559 uero,
2207 4477 2314 4536 naso

538 4600 708 4687 oreque
742 4575 913 4685 clausis,
944 4573 1177 4688 exspirare
1211 4581 1414 4658 conetur.
1450 4565 1725 4684 Quicrmque
1757 4583 1909 4660 mrtem
1943 4577 2021 4662 tali
2062 4581 2195 4662 modo
2251 4587 2314 4662 tu·

540 4701 694 4785 bulum
725 4713 911 4818 propter
942 4699 1144 4786 vulneris
1176 4697 1476 4782 irritationem
1509 4705 1566 4784 ad
1598 4705 1861 4786 nocendum
1887 4703 2082 4790 babilam
2105 4704 2313 4812 adhibet,

537 4828 585 4914 ei
617 4855 725 4942 opus
742 4839 821 4936 est,
854 4838 908 4912 ut
940 4827 1041 4912 satis
1074 4836 1219 4932 caute,
1239 4829 1384 4909 donec
1405 4835 1495 4908 tota
1521 4839 1777 4912 amoveatur
1796 4831 2119 4938 extraneatio,
2131 4831 2313 4944 singulo

540 4981 720 5066 quoque
738 4953 813 5041 die
831 4958 917 5042 boc
933 4981 1059 5040 suum
1074 4937 1420 5038 instrumentum
1437 4951 1488 5035 in
1503 4954 1701 5066 pectoris
1714 4953 1949 5048 cavinum
1966 4957 2193 5048 immittat.
2212 4955 2312 5044 Alii

539 5107 1745 5247 q.)unma1c.1³.1r.secr.1vcap.cvrtr.pe9a111.
1820 5231 1825 5238 ,
1974 5125 1978 5138 '

540 5259 578 5346 r)
609 5263 743 5332 Diouis.
773 5258 797 5330 l.
823 5281 855 5334 c.
881 5282 919 5350 p.
938 5281 1022 5346 297.
