4942 6048
1020 409 1106 512 ¹49
1162 409 1166 421 ’

236 631 437 718 Primum
455 631 622 718 accidit
646 631 874 748 pulmone,
910 656 1044 741 quem
1078 629 1281 742 contegit
1312 609 1486 746 pleura,
1521 657 1579 717 eo
1611 630 1711 715 loco
1747 626 1870 716 inter
1888 659 1961 716 oo·

170 772 279 847 stam
310 774 449 873 atque
498 761 794 845 interstitium
844 765 1116 874 prodeunte,
1150 787 1242 871 quo
1278 759 1591 868 integumenta
1608 758 1828 874 parietum
1854 787 1954 874 pec·

171 889 281 975 toris
313 891 464 976 illaesa
498 898 694 972 manent.
743 885 858 970 Haec
891 887 1061 1000 specics
1093 887 1254 971 merito
1288 913 1419 972 sensu
1438 887 1650 971 strictiori
1669 911 1952 996 orscocamo,

167 1016 262 1102 sive
297 1043 466 1100 naama
500 1039 714 1102 Punmoms
746 1013 970 1099 nominari
1005 1026 1150 1129 potest
1182 1023 1230 1098 et
1264 1013 1460 1098 maxime
1495 1015 1679 1123 quidem
1712 1014 1859 1096 oritur
1888 1015 1953 1098 in·
2083 1079 2086 1086 ,
2120 998 2124 1010 ’

168 1152 240 1226 ter
272 1146 584 1228 vehementem
618 1141 924 1254 respirationis
957 1141 1271 1242 intensionem.
1309 1139 1427 1242 Quia
1468 1167 1575 1226 vero
1624 1143 1734 1224 haec
1783 1141 1951 1226 limites
2078 1233 2088 1244 ,

164 1271 367 1356 materiae
399 1273 730 1383 pertractandae
764 1297 788 1350 a
821 1270 952 1352 nobis
986 1269 1252 1354 constitutos
1307 1267 1480 1376 transit,
1529 1266 1803 1354 mentionem
1854 1269 1973 1352 cius⁴

162 1397 241 1481 hic
274 1401 547 1494 solummodo
582 1408 766 1482 eatenus
798 1394 999 1503 fecimus,
1035 1410 1256 1506 quatenus
1274 1395 1521 1481 necessario
1554 1394 1794 1479 discrimen
1812 1400 1951 1505 quod-

163 1527 265 1608 dam
298 1536 495 1612 statuere
530 1528 744 1609 debemus
776 1523 901 1607 inter
934 1523 1053 1606 illam
1090 1535 1137 1608 et
1169 1547 1384 1608 rcumoms
1431 1535 1540 1606 'eosn
1587 1545 1801 1607 voaunna
1852 1549 1952 1606 eac·

163 1677 288 1737 roais
322 1675 637 1736 exauratam
670 1675 962 1796 Puouaesum,
996 1652 1179 1734 alteram
1198 1676 1360 1763 nempe
1392 1649 1665 1761 pathologici
1696 1659 1832 1734 status
1848 1674 1948 1762 pec·

164 1780 286 1880 toris
307 1779 515 1892 speciem,
550 1805 665 1889 quae
698 1777 765 1863 sui
801 1779 978 1888 generis
1012 1777 1160 1862 elficit
1208 1776 1608 1892 complicationem.
1642 1775 1733 1859 Hic
1776 1777 1949 1890 prolap

162 1931 232 1994 sus
265 1918 312 2028 et
345 1906 439 2019 ipse
473 1931 657 2017 quoque
694 1913 761 1990 est
793 1906 900 1990 sive:
935 1901 979 2023 a)
1012 1929 1274 2030 curuantur,
1308 1905 1400 1988 sive
1436 1900 1484 2022 b)
1517 1928 1842 2010 secernamus,
1873 1902 1946 1986 vel

162 2059 492 2154 consecurrvum
527 2034 643 2117 alter
676 2031 843 2117 accidit
876 2036 958 2118 sub
993 2059 1098 2117 cura
1132 2031 1332 2116 vulneris
1375 2032 1522 2114 adhuc
1572 2030 1782 2144 patentis,
1832 2031 1949 2112 alter

160 2186 270 2245 vero
303 2164 389 2246 hoc
421 2185 504 2274 per
537 2159 812 2246 sanationem
846 2160 932 2246 iam
966 2161 1130 2268 clauso,
1164 2159 1214 2244 id
1247 2157 1418 2330 quod
1404 2185 1454 2243 ιιι
1486 2168 1713 2274 posterum
1732 2183 1812 2242 suo
1846 2159 1947 2238 loco

121 2365 123 2372 ,
160 2307 196 2395 (ς
242 2309 344 2396 ι64.)
373 2287 637 2376 videbimus.

975 2457 1001 2572 ἕ
1040 2399 1141 2544 ris.

223 2617 452 2747 Quamdiu
507 2622 712 2738 pulmoni
762 2623 1034 2708 solummodo
1067 2620 1157 2706 vim
1214 2621 1403 2708 activam
1452 2645 1543 2706 sese
1593 2559 1815 2704 dilatandi
1869 2620 1943 2703 tri-

158 2746 376 2857 buebant,
429 2735 645 2835 hactenus
695 2749 829 2834 ctiam
879 2750 1007 2834 simul
1043 2747 1152 2835 inde
1186 2751 1453 2863 repetebant
1474 2773 1681 2892 causam,
1734 2774 1815 2828 cur
1847 2773 1943 2858 par·

158 2879 223 2958 tes
255 2875 479 2987 pulmonis
512 2875 804 2990 aliquando
790 2903 840 2960 ιιι
873 2877 1036 2962 vulnus
1068 2874 1276 2989 pectoris,
1311 2873 1504 2960 cuiusvis
1548 2874 1634 2958 hoc
1685 2873 1942 2986 amplitudi-

158 2998 229 3086 nis
263 3013 393 3112 esset,
426 3005 611 3119 prodire
644 3005 856 3090 solerent.
907 3003 1120 3089 Refutata
1152 3012 1302 3088 autem
1355 3001 1528 3086 theoria
1577 3001 1672 3108 illa,
1723 3000 1939 3086 seriorum

157 3136 404 3241 temporum
438 3131 747 3244 Physiologiae
779 3130 1003 3245 principia
1037 3131 1310 3238 collustrata,
1345 3156 1516 3215 causam
1549 3127 1837 3242 phaenomeni
1872 3127 1938 3210 in·

154 3252 584 3367 quirentes,merito
617 3263 673 3341 ad
706 3257 821 3344 airis
854 3257 1089 3342 influxum
1124 3259 1365 3343 remittunt
1397 3279 1560 3340 nxrna
1604 3245 1836 3369 pulmones
1887 3255 1939 3338 in

150 3383 326 3496 pleurae
359 3413 483 3472 sacco
516 3386 799 3473 accumulati.
832 3381 929 3468 Aer
961 3383 1138 3472 scilicet
1168 3385 1292 3470 inter
1332 3383 1672 3498 respirationem
1723 3408 1937 3494 compres-

153 3533 237 3598 susv
257 3520 305 3596 et
338 3537 365 3594 e
397 3514 592 3628 pectoris
625 3513 817 3598 cavitate
850 3514 1099 3626 propulsus,
1138 3509 1271 3597 facile
1305 3539 1452 3597 secum
1486 3509 1600 3596 foras
1617 3509 1818 3593 lobulum
1840 3511 1938 3622 pul·

149 3637 294 3722 monis
325 3665 409 3753 per
440 3642 603 3726 vulnus
639 3642 818 3734 trahere
834 3649 996 3752 potest,
1030 3638 1304 3753 praesertim,
1339 3641 1375 3724 si
1410 3637 1547 3754 ipsius
1562 3663 1645 3751 per
1661 3663 1854 3750 asperam
1872 3663 1934 3720 ar·

152 3763 309 3848 teriam
343 3760 573 3880 expiratio
607 3773 766 3852 eodem
800 3765 931 3852 simul
966 3777 1164 3878 tempore
1198 3769 1383 3877 quadam
1416 3791 1465 3852 re
1498 3757 1933 3878 impediarurdflic

146 3891 302 4004 pulmo
337 3892 478 4001 igitur
510 3893 632 3978 inter
665 3917 1012 3976 mansuariorum
1030 3919 1056 3979 e
1076 3894 1257 3978 thorace
1289 3892 1557 4037 prorumpit,
1594 3901 1685 3974 tum
1727 3915 1835 3974 vcro
1860 3895 1933 3975 de·
1987 3900 1990 3913 '

146 4015 274 4125 inde,
308 4044 343 4102 ιι
333 4016 486 4101 nihil
519 4020 683 4127 obstet,
714 4045 806 4104 sese
839 4043 921 4132 per
953 4041 1293 4106 msmaarroamr
1326 4017 1491 4134 recipit
1524 4017 1574 4102 in
1607 4021 1758 4103 sedem
1804 4027 1932 4100 natu·

144 4144 298 4236 ratem.
333 4143 383 4231 Si
415 4154 563 4229 autem
597 4171 696 4260 pars
731 4151 934 4255 quaedam
966 4129 1191 4262 pulmonis
1212 4147 1415 4262 prolapsi
1448 4175 1472 4232 a
1505 4145 1649 4229 libera
1666 4144 1930 4258 receptione

144 4270 430 4383 prohibetur,
467 4272 775 4384 comprimitur
809 4271 885 4357 illa
919 4300 944 4356 a
976 4273 1216 4358 vulnere
1201 4301 1297 4396 rpso
1329 4286 1378 4361 et
1410 4275 1597 4360 haerens
1647 4283 1806 4356 extra
1830 4297 1930 4385 pec·

146 4405 219 4486 lus
250 4409 463 4485 remanet.
496 4395 665 4519 (Quem
698 4404 968 4486 admodum
1002 4399 1082 4510 qui
1117 4401 1303 4486 exstitit
1334 4401 1557 4517 pulmonis
1589 4398 1814 4516 prolapsus
1833 4426 1926 4481 non

141 4523 460 4638 incarceratus,
494 4551 666 4642 semper
698 4527 861 4612 crescit
908 4528 1040 4646 inter=
1081 4529 1430 4645 expirationem,
1464 4539 1619 4614 contra
1652 4553 1761 4612 vero
1804 4527 1929 4611 inter

141 4649 481 4765 inspirationem
522 4651 827 4774 diminuitur.)

204 4778 439 4868 Pulmonis
470 4782 722 4900 prolapsum
756 4782 1096 4893 incarceratum,
1135 4789 1365 4894 quomodo
1391 4810 1553 4900 nempe
1586 4781 1774 4890 oriatur,
1823 4805 1934 4876 cum

137 4909 334 4994 maxima
369 4909 562 4995 veritate
596 4909 779 4998 Marcu
813 4910 900 4997 suis
934 4912 1236 5025 experientiis
1280 4912 1329 4997 in
1362 4913 1565 5027 plurimis
1581 4911 1693 4996 vivis
1725 4905 1922 4993 animali·

136 5155 181 5244 p)
211 5115 359 5222 hanam
388 5159 441 5224 De
467 5157 700 5244 respiratione
726 5157 971 5245 experimenta
996 5147 1924 5246 anatomica.Gotting.1746.1³arsr.§xv11vnt
1993 5145 1997 5148 ’

198 5255 308 5326 eiusd.
339 5256 516 5347 opuscula
543 5269 693 5328 arratom.
724 5279 755 5326 ι.
782 5281 812 5326 c.
842 5281 867 5350 p
892 5277 952 5346 47.
