4960 6054
1103 417 1436 524 ··i⁶

520 675 624 735 nem
657 655 821 755 secuta,
854 653 907 728 ut
941 643 1085 752 dolor,
1118 638 1364 728 difficultas
1396 637 1661 757 respirandi,
1691 639 1988 758 haemoptesis,
2019 639 2172 757 pulsus
2203 667 2305 758 par·
2462 733 2463 772 ,

520 803 617 885 vus,
649 771 922 883 irregularis,
938 801 989 858 ac
1022 769 1203 856 febrilia
1234 781 1548 884 symptomata,
1581 773 1787 859 omnibus
1818 771 2005 856 medelis
2027 771 2306 866 convenien·
2462 783 2463 810 ¹

523 903 642 988 tibus
673 900 905 1008 adhibitis,
938 899 1060 983 intra
1089 898 1253 1014 primos
1286 898 1381 982 dies
1413 924 1508 981 non
1540 911 1725 1011 cessant,
1757 900 1831 985 vel
1863 897 2087 1009 denique,
2120 895 2158 984 si
2190 924 2306 1012 prae·

523 1041 647 1116 terea
678 1029 809 1113 dolor
847 1027 1118 1134 vehemens,
1157 1025 1195 1110 si
1232 1019 1411 1138 profusa
1459 1025 1716 1137 suppuratio
1765 1052 1859 1111 non
1908 1051 2008 1110 raro
2057 1049 2148 1120 una
2199 1049 2305 1108 cum

519 1157 765 1276 purulenta
812 1152 1186 1267 expectoratione
1228 1177 1315 1263 ‚per
1362 1151 1595 1264 pulmones
1615 1149 1983 1266 ¹superueniunt:
2024 1149 2061 1236 si
2101 1175 2188 1236 ex.
2214 1150 2306 1260 iis,

522 1307 628 1394 quac
668 1280 805 1386 dixi,
855 1285 1059 1390 quaedam
1096 1279 1245 1361 locum
1293 1278 1519 1387 habeant,
1557 1281 1874 1366 verosimiliter
1905 1278 2177 1362 concludere
2208 1303 2308 1392 pos·

523 1433 685 1517 sumus,
717 1405 767 1490 in
799 1404 993 1518 pectoris
1026 1403 1217 1490 cavitate
1249 1397 1409 1519 partes
1428 1403 1644 1513 ejusmodi
1681 1408 1837 1494 latere.
1876 1404 2060 1490 Lineam
2100 1401 2310 1490 subrubi-

524 1539 731 1641 cundum,
762 1544 842 1616 aut
872 1531 1072 1640 lividam,
1103 1540 1182 1622 aut
1213 1523 1360 1644 parvis
1391 1531 1579 1646 pustulis
1613 1533 1837 1642 stipatam,
1871 1557 1975 1642 quae
2014 1525 2218 1640 denique
2253 1528 2308 1612 in

527 1669 742 1745 tumorem
776 1657 896 1768 exit,
929 1683 1045 1771 saepe
1077 1657 1251 1767 glandis
1284 1684 1458 1744 cursurn
1490 1655 1802 1771 manifestare,
1841 1659 1929 1766 jam
1961 1667 2092 1742 antea
2126 1674 2308 1762 (514-
2432 1699 2440 1714 ·

362 1821 367 1826 ·
517 1811 616 1892 juxta
641 1808 676 1874 t.
711 1803 865 1892 umus)
899 1784 1162 1870 monuimus.
1210 1781 1312 1868 Hoc
1364 1767 1535 1871 tumore
1567 1785 1788 1894 dissecto,
1836 1784 1960 1894 glans
2005 1769 2173 1893 absque
2221 1765 2310 1862 dif-

523 1911 731 2014 ficultate
763 1939 858 1997 non
892 1939 991 2018 raro
1024 1911 1252 2024 reperitur
1286 1914 1330 1996 dr
1360 1903 1644 1999 amovetur¹).
1677 1913 1805 1997 Idem
1837 1914 1958 1998 valet
1981 1905 2310 2000 decursoribus

524 2039 842 2156 strepentibus,
875 2037 956 2152 qui
989 2065 1172 2154 quoque
1203 2035 1377 2148 glandis
1412 2049 1601 2126 tractum
1633 2039 1853 2128 indicant.

1342 2205 1370 2320 S
1404 2211 1478 2314 tt·

589 2370 893 2458 Nihilominus
928 2383 1074 2457 tamen
1107 2397 1259 2485 exeo,
1292 2339 1426 2486 quod'
1452 2372 1540 2458 tale
1572 2397 1730 2487 corpus
1761 2395 1858 2455 non
1875 2377 2103 2484 repertum
2127 2365 2199 2477 sit,
2232 2365 2311 2450 vel
2462 2365 2463 2368 ‘

526 2500 766 2586 evulnere
801 2498 1025 2584 exteriori
1057 2526 1152 2584 non
1185 2501 1373 2611 exierit,
1406 2503 1608 2596 nondum
1629 2499 1754 2586 ,certi
1788 2497 1892 2583 fieri
1925 2521 2165 2610 possumus,
2190 2493 2313 2578 illud

480 2625 486 2639 “
526 2625 578 2708 in
608 2627 838 2738 ,thoracem
871 2626 1140 2740 pervenisse.
1172 2627 1290 2714 Inde
1322 2625 1396 2735 fit,
1428 2637 1482 2709 ut
1515 2625 1649 2710 facile
1683 2625 1960 2739 decipiamur
1990 2627 2049 2707 de
2064 2649 2171 2706 vera
2188 2621 2313 2730 glan·

527 2752 597 2836 dis
629 2751 681 2836 in
712 2762 869 2870 pectus
899 2755 1215 2865 penetratione
1248 2753 1458 2868 persuasi,
1492 2781 1629 2863 quum
1662 2753 1801 2863 glans,
1833 2750 2073 2858 muccinio,
2091 2745 2313 2854 interula,

525 2877 601 2962 vel
634 2877 720 2962 alia
754 2883 943 2989 quadam
974 2881 1345 2964 vestimentorum
1373 2891 1515 2994 parte,
1549 2879 1687 2988 allisa,
1721 2905 1821 2962 cum
1841 2877 1971 2990 plicis
1988 2901 2142 2962 eorum
2160 2883 2317 2961 extra-

527 3013 614 3112 cta,
647 3005 798 3090 oculos
838 3015 984 3090 tamen
1016 3005 1606 3121 praeterl'ugerit.-=-Corpus
1637 2989 1835 3091 alienum
1866 3012 2013 3119 potest
2028 3029 2110 3116 per
2125 3001 2316 3110 longum

530 3141 701 3247 tempus
735 3142 869 3219 extra
900 3133 1096 3247 pectoris
1130 3133 1380 3245 caritatem,
1412 3142 1466 3216 ut
1499 3132 1549 3216 in
1582 3132 1773 3247 scapula,
1784 3141 1867 3215 aut
1882 3140 1981 3245 post
1996 3130 2134 3237 illam,
2150 3129 2316 3234 latere,

528 3259 675 3344 donec
710 3259 972 3370 reperiatur.
1006 3255 1112 3342 Huc
1143 3259 1381 3372 pertinent
1412 3263 1503 3344 duo
1535 3253 1811 3343 Tnonsoun)
1843 3258 2067 3372 exempla,
2089 3253 2170 3337 ubi
2186 3255 2317 3362 glans

526 3408 610 3496 per
641 3391 796 3497 pectus
828 3385 883 3466 ab
916 3383 1216 3488 anterioribus
1248 3390 1306 3471 ad
1336 3386 1583 3499 posteriora
1630 3395 1897 3499 pervenerat
1936 3394 1983 3468 et
2015 3385 2095 3469 sub
2135 3378 2317 3493 scapula

528 3511 728 3594 residere
766 3509 859 3594 visa
892 3519 971 3594 est.
1004 3505 1063 3593 In
1095 3538 1187 3599 unc
1222 3537 1376 3597 eonnn
1408 3516 1608 3615 videmus
1641 3521 1890 3620 aegrotum,
1939 3509 2019 3620 qui
2053 3512 2110 3615 ad
2140 3510 2318 3589 motum

527 3633 706 3718 humeri
739 3635 977 3743 sentiebat,
1010 3641 1233 3746 quoddam
1267 3666 1425 3754 corpus
1459 3643 1703 3724 rotundum
1728 3639 1808 3724 sub
1825 3637 2000 3751 scapula
2031 3633 2245 3740 volutari3
2263 3629 2319 3714 in

528 3761 687 3868 altero,
720 3763 779 3846 de
812 3788 903 3870 quo
936 3758 1053 3846 inira
1088 3784 1122 3872 (ς
1151 3785 1232 3874 45),
1268 3771 1388 3879 apud
1419 3765 1610 3850 Herses
1641 3764 1918 3878 -clypeum
1948 3761 2234 3878 pectoralem,
2269 3765 2323 3842 et

419 3939 428 3948 -
528 3888 735 3997 glandem
768 3885 970 4001 profecto
1003 3889 1234 4002 pulmones
1266 3903 1542 4006 penetrasse,
1566 3891 1735 3977 deinde
1767 3917 1891 3998 vero,
1923 3891 2059 3997 juxta
2092 3886 2316 4002 scapulam

529 4023 766 4128 repertam,
798 4022 936 4124 atque
969 4024 1219 4100 extractam
1250 4016 1671 4127 fuisse—Glandes,
1705 4043 1810 4126 quae
1842 4016 1944 4101 ossis
1976 4025 2108 4099 acuto
2148 4011 2319 4122 angulo

528 4141 740 4252 allidunt,
773 4151 827 4224 ιιι
858 4151 1015 4226 notum
1049 4152 1130 4250 est,
1162 4153 1345 4257 possunt
1376 4149 1586 4230 secedere
1618 4143 1668 4226 in
1686 4147 1793 4228 duas
1809 4153 1969 4255 partes,
1986 4167 2173 4254 quartun
2197 4147 2320 4222 utra·

501 4343 504 4350 .
530 4293 620 4376 que
669 4273 789 4360 suam
838 4267 1137 4352 directionem
1186 4271 1407 4384 sequitur,
1441 4297 1556 4382 saepe
1589 4295 1730 4352 unum
1762 4267 2016 4378 hujusmodi
2048 4265 2318 4378 fragmento·

528 4417 629 4476 rum
663 4393 835 4502 glandis
868 4404 1019 4480 manet
1053 4395 1101 4480 iu
1133 4395 1249 4506 loco,
1284 4424 1416 4508 quem
1449 4397 1617 4507 attigit,
1649 4396 1841 4482 alterum
1873 4381 2048 4480 cursum
2065 4421 2193 4480 urum
2211 4419 2319 4476 con·

533 4517 694 4605 tinuat.
727 4517 830 4602 Hoc
863 4521 1046 4628 quidem
1065 4519 1197 4606 facile
1230 4525 1281 4606 in
1315 4549 1511 4609 errorem
1551 4523 1745 4630 inducit,
1778 4521 1814 4605 si
1847 4519 1898 4604 in
1940 4520 2149 4606 ulteriori
2190 4519 2320 4605 inda·
2462 4523 2463 4546 ¹

496 4645 728 4756 ‚gatione,
762 4648 908 4741 minus
924 4650 982 4731 ad
998 4673 1091 4732 rem
1122 4657 1338 4756 attentus,
1369 4659 1540 4763 partem
1573 4647 1746 4759 glandis
1778 4675 1859 4763 pro
1896 4656 1990 4732 toto
2016 4672 2203 4764 corpore
2221 4645 2322 4729 vul·

528 4782 721 4859 nerante
754 4771 929 4858 habeas.
963 4769 1040 4858 Sic
1074 4801 1113 4860 e.
1146 4802 1187 4885 g.
1221 4774 1271 4858 in
1292 4784 1359 4858 tot
1389 4785 1535 4888 partes
1568 4775 1710 4862 divisa
1737 4783 1804 4859 est
1837 4774 1974 4884 glans,
2008 4802 2112 4885 quae
2145 4773 2322 4888 spinam

528 4900 722 5014 scapulae
755 4893 918 5007 feriit,¹
949 4924 1136 5010 quarum
1167 4902 1307 4990 altera
1340 4903 1461 4988 recta
1493 4901 1565 4989 via
1597 4928 1680 5017 per
1710 4911 1866 5020 pectus
1906 4901 2143 5012 detendit,
2175 4901 2321 4990 altera

883 5069 1055 5090 *a*

513 5139 561 5240 hl)
588 5147 733 5209 nassas.
761 5167 791 5212 ι..
820 5163 850 5211 c.
878 5161 915 5230 p.
935 5145 992 5212 26.

529 5245 582 5336 ur)
609 5249 787 5316 Tacusou.
816 5267 845 5314 a„
873 5243 905 5312 'c.
931 5265 967 5337 p.
993 5247 1055 5332 75.
