4942 6048
1006 455 1090 555 17,

164 687 291 791 argu.
323 693 423 762 rom.
451 691 522 764 W.
553 679 667 784 mod·
696 675 965 789 persuadere
999 683 1167 787 studet,
1187 681 1568 798 haemorrhagian]
1585 685 1776 788 arteriae
1801 687 1951 796 inter-

163 797 353 906 costalis,
386 823 469 911 per
500 801 701 887 vulneris
734 801 1044 888 dilatationem
1076 807 1346 920 plenamque
1380 815 1492 901 vasis
1524 823 1841 946 concisionem,
1860 867 1949 949 qua

164 919 340 1034 sanguis
372 923 641 1038 proflueret,
676 917 855 1013 sennen
890 939 936 1014 et
957 951 1073 1014 aare
1090 937 1366 1049 supprimere
1395 943 1481 1026 sibi
1498 946 1687 1038 licuisse.
1704 953 1940 1049 Arsaniae)

163 1077 503 1161 quoquernnau
519 1057 776 1139 methodum
794 1062 1078 1164 commendat¹
1091 1065 1269 1174 propria
1289 1068 1582 1179 experientia
1600 1083 1949 1180 edoctusflane

163 1179 367 1288 denique
385 1183 889 1293 comprobatauetoritas
906 1185 1169 1298 opinionum
1178 1189 1563 1307 Haemusruumr,¹)
1576 1201 1754 1293 Knausr
1763 1210 1809 1322 ¹¹),
1818 1215 1949 1312 Tarr-

162 1297 343 1388 maurili
378 1317 428 1390 et
473 1309 718 1421 perillustr:
768 1309 956 1396 Barouis
988 1340 1012 1394 a
1046 1313 1223 1423 Wrum3
1255 1313 1297 1386 'l
1337 1325 1536 1430 quamvis
1577 1335 1798 1441 posterior
1840 1353 1949 1432 tune
2048 1351 2055 1357 ’

164 1427 286 1516 illam
318 1433 619 1518 adhibendam
660 1427 752 1522 esse
796 1447 990 1548 censeat,
1024 1467 1162 1551 quum
1196 1445 1407 1558 chirurgo
1441 1449 1493 1539 B.
1526 1433 1670 1543 uhtu
1704 1459 1739 1568 '(§
1762 1487 1875 1564 fiae.
1910 1493 1946 1580 t)

162 1561 375 1644 methodo
408 1562 480 1644 uti
513 1562 786 1677 impossibile
820 1564 962 1650 visum
996 1563 1151 1657 suerit.

924 1810 928 1822 .
987 1733 1013 1848 §
1050 1761 1121 1838 72.

224 1887 562 1980 Humanarum)
597 1905 645 1980 et
678 1907 829 2008 postea
861 1895 1108 1998 Rrouraud)
1125 1904 1364 1996 observant
1397 1908 1495 1996 eius
1508 1916 1776 2031 plerumque
1794 1937 1948 2015 extre-

161 2017 332 2104 mitatis
364 2021 544 2106 arteriae
577 2021 876 2108 intereostalis
910 2051 1058 2108 curam
1092 2028 1251 2116 haberi
1284 2035 1452 2145 solere,
1486 2069 1602 2151 quae
1635 2073 1663 2130 a
1694 2053 1824 2136 derso
1869 2059 1951 2142 de.

159 2146 355 2268 soendit,
370 2161 693 2234 verumtamen
721 2152 777 2234 ab
794 2150 1012 2236 anteriori
1031 2181 1213 2265 quoque
1237 2159 1615 2278 haemorrhagiam
1634 2175 1839 2266 existere
1854 2208 1949 2294 poa·
2014 2191 2017 2200 '

161 2296 223 2380 se,
255 2300 417 2388 nempe
452 2280 575 2386 quod
607 2277 741 2386 hujus
774 2278 1166 2376 ramianteriores
1199 2286 1440 2375 &arteria
1473 2303 1724 2386 mammaria
1763 2302 1947 2396 interna
2012 2329 2014 2334 ’

93 2416 102 2446 ⁸
161 2397 286 2486 inter
317 2429 364 2488 se
396 2429 479 2515 per
494 2404 789 2518 anastomosin
806 2404 1260 2518 conjunguntur—li.
1278 2417 1407 2502 ramis
1439 2418 1581 2508 laesae
1598 2429 1791 2516 arteriae
1808 2433 1948 2522 inter·
1991 2487 2000 2496 ν

162 2528 336 2614 eostalis
369 2539 417 2614 et
451 2529 633 2637 quidem
667 2558 693 2614 e
728 2531 859 2616 ramis
893 2535 1143 2652 costalibus,
1163 2542 1382 2650 superiori
1416 2553 1731 2661 etanteriori,
1766 2555 1947 2646 ourn'ar·

162 2655 277 2738 teria
309 2656 557 2740 mammaria
592 2653 895 2767 conjunctis),
931 2661 1309 2780 haemorrlragiam
1342 2669 1468 2782 oriri,
1501 2702 1644 2785 aeque
1663 2689 1946 2796 concedere

160 2780 275 2864 mihi
297 2782 480 2896 quidem
515 2809 764 2896 persuasum
797 2788 956 2894 habeo,
975 2786 1096 2872 illam
1113 2789 1193 2874 ubi
1209 2805 1374 2882 ,exorta
1393 2809 1474 2906 est,
1491 2829 1585 2886 non
1609 2831 1785 2914 gravem
1801 2812 1949 2902 admo·

161 2910 267 2990 dum
301 2908 433 2997 lieri.
451 2907 530 2994 Ad
563 2937 695 3020 quam
728 2912 1117 3024 haemorrhagiam·
1131 2927 1507 3035 compescendam,
1532 2933 1631 3041 post
1647 2933 1946 3028 immediatam

160 3035 498 3144 deligationem,
546 3037 745 3120 omnium
795 3067 979 3148 quoque
1029 3043 1230 3130 maxime
1269 3045 1483 3136 Turnum
1514 3059 1776 3174 methodum
1812 3087 1849 3174 (ς
1878 3089 1944 3178 se)

121 3252 125 3260 ,
160 3173 305 3276 aptam
340 3189 431 3270 esse
464 3174 589 3276 puto.
622 3161 810 3248 Etenim
841 3168 977 3280 plena
1011 3193 1074 3251 ex
1106 3181 1237 3282 parte
1270 3175 1546 3264 solummodo
1584 3183 1715 3272 laesae
1763 3194 1981 3278 arteriae·

160 3289 358 3390 concisio
394 3299 441 3374 et
473 3289 682 3374 reductio
716 3289 811 3398 ejus
843 3297 901 3418 ad
923 3303 1104 3405 partem
1121 3299 1411 3411 anteriorem,
1443 3311 1500 3389 ad
1519 3310 1747 3425 vaginam,
1780 3317 1946 3404 strfl'iei·

162 3427 243 3500 ent
275 3417 351 3500 hie
385 3443 568 3527 quoque
601 3422 658 3514 ad
689 3430 950 3508 memoratos
982 3448 1124 3507 ramos
1157 3434 1450 3516 removendos
1484 3445 1531 3518 et
1569 3441 1636 3522 ad
1668 3445 1946 3536 obstruenda

161 3544 337 3636 oril'icia
371 3571 538 3631 eorum.
572 3541 674 3628 Hoe
707 3545 895 3630 oonsilio
929 3543 1089 3632 zare)
1126 3553 1235 3637 duas
1268 3551 1452 3642 filorum
1500 3560 1698 3653 fasciolas
1745 3575 1804 3654 ad
1833 3601 1945 3658 com·
2053 3631 2058 3636 -

32 3665 37 3672 ’
162 3671 427 3788 pressorium
463 3699 488 3756 e
521 3670 668 3759 linteo
701 3683 857 3790 carpto
890 3673 1148 3766 conlectum
1180 3679 1355 3790 assuere
1386 3689 1578 3778 monuit.

160 3901 329 3919 *n-

40 4077 44 4090 .
160 4031 191 4121 s)
220 4035 388 4097 assium.
418 4029 440 4096 l.
469 4011 519 4096 c.⁸
528 4050 563 4118 p.
581 4032 638 4116 69.
671 4033 994 4102 aselanoruescr.
1011 4034 1112 4104 Neue
1137 4035 1339 4128 Bibliothex
1356 4041 1419 4112 fur
1438 4043 1498 4114 die
1524 4046 1710 4138 Chirurgie
1725 4075 1757 4120 u.
1774 4051 1944 4144 ophthal-

224 4125 392 4219 mologie.
425 4135 463 4198 8⁰
490 4137 689 4201 Hannover.
725 4136 829 4202 1815.
857 4137 897 4200 T.
926 4140 952 4200 I.
981 4137 1077 4202 Fasc.
1102 4162 1129 4203 r.
1157 4159 1192 4226 p.
1215 4164 1294 4228 129.
1481 4203 1485 4210 ,

160 4237 188 4325 t)
217 4241 462 4318 murmurari,
506 4235 542 4300 in
568 4227 813 4302 additamentis
830 4237 885 4302 'ad
911 4242 948 4304 Β.
977 4241 1081 4308 Banu
1108 4243 1284 4333 Principia
1317 4241 1524 4336 Chirurgiae
1551 4249 1574 4320 l.
1603 4273 1633 4322 0.
1662 4261 1702 4326 Τ.
1731 4247 1789 4325 Ν.
1816 4278 1851 4350 p.
1872 4269 1942 4333 128

223 4350 260 4406 et
284 4343 385 4406 Tem.
414 4343 457 4402 11.
486 4336 724 4405 additamenta
749 4358 785 4427 p.
802 4355 885 4414 401.

158 4443 199 4532 u)
227 4427 448 4508 Parnasus..
477 4459 507 4505 c.
535 4461 571 4528 p.
589 4445 671 4508 555.
694 4451 782 4523 uota
809 4441 854 4507 ad
881 4443 899 4530 §
927 4443 1013 4522 64³.
1364 4505 1367 4510 ,

158 4567 182 4612 v
227 4549 413 4612 Tarrmauu.
444 4546 580 4630 System
607 4543 670 4610 der
697 4543 1066 4634 wundarzneykunst,
1095 4547 1293 4618 bearbeilet
1317 4573 1390 4620 von
1415 4560 1442 4621 1.
1458 4563 1498 4623 H.
1526 4559 1716 4652 ansuini,
1751 4570 1817 4638 mit
1842 4572 1942 4644 einer

65 4645 67 4655 ’
221 4647 381 4714 Vorrede
410 4667 480 4712 von
507 4651 533 4712 1.
553 4649 594 4714 A.
610 4649 666 4714 W.
694 4651 860 4714 amanus.
891 4653 922 4716 8.
951 4651 1042 4738 Lips.
1076 4645 1180 4719 1'800.
1209 4655 1297 4722 Sect.
1324 4661 1350 4723 1.
1378 4680 1413 4748 p.
1434 4663 1517 4727 she.
1554 4668 1562 4676 '

156 4769 209 4858 av)
229 4773 434 4835 Buaausut.
464 4789 493 4832 c.
523 4786 635 4858 par.

158 4873 201 4959 x)
229 4876 448 4938 lleuuauaur.
479 4891 507 4935 1.
537 4889 567 4936 0.
596 4879 697 4938 Tom.
725 4873 770 4938 ll.
800 4886 936 4960 peada.

155 4975 198 5167 {i
229 5079 435 5145 Baroroxtia
462 5096 492 5140 r..
521 5095 551 5152 ,0.
580 5081 621 5142 T.
648 5079 691 5141 ll.
719 5073 908 5162 Angiolog.
935 5097 970 5167 p.
990 5081 1071 5145 255.
1102 5081 1119 5167 §
1146 5085 1207 5160 48.
1235 5081 1352 5170 b‚-s.·
1372 5087 1414 5154 A,
1455 5087 1604 5162 Walter-
1630 5093 1762 5184 angio),
1800 5044 1943 5170 Handbp

156 5283 194 5374 a)
222 5197 320 5348 {aaz
340 5181 566 5346 Ιι).408.’1“οιιι.
595 5281 657 5344 111.
684 5281 819 5368 prtia.
901 5233 905 5242 «
980 5235 986 5240 Ι

226 4977 388 5038 chunaa.
417 4971 737 5059 Anfangsgruende
762 4969 827 5039 der
853 4949 1221 5065 Wundarzneyirunst.
1251 5001 1279 5046 ι.
1309 5001 1340 5048 c.
1368 5005 1402 5072 p.
1422 4987 1493 5052 556
1525 4987 1543 5076 §
1570 4993 1657 5078 457.

1774 5430 1831 5490 10
