4960 6054
1036 439 1095 522 ιι
1200 493 1205 500 .

995 664 1129 778 ιιι·
1215 778 1219 783 ,

877 805 1213 895 s'nxus.

235 967 401 1056 Pectus
433 991 681 1056 mlsounnra
711 967 847 1052 latius
881 979 962 1078 est,
979 990 1269 1054 ιοιιιιιιιιιιι
1284 979 1448 1078 autem,
1480 969 1728 1083 praesertrm
1742 984 1868 1087 parte
1884 1003 1950 1062 su·

170 1095 340 1224 periuri
374 1107 421 1181 et
439 1093 615 1240 medii,
645 1089 924 1206 angustius‘.)
947 1095 1028 1178 Ειι
1061 1097 1147 1179 ιιοιι
1178 1106 1324 1209 patet,
1356 1096 1560 1183 laesiones
1591 1101 1846 1212 posterioris
1878 1130 1948 1213 ge-

170 1226 295 1307 neris
328 1223 528 1334 graviora
558 1227 733 1365 damna,
767 1249 899 1332 quam
930 1222 1093 1337 prioris
1126 1249 1271 1306 secum
1307 1225 1483 1308 trahere
1524 1226 1716 1333 debere,
1766 1227 1948 1342 insuper

171 1341 332 1432 autem
353 1349 460 1434 illas
481 1348 698 1494 sequioris
731 1375 866 1454 sexus
901 1344 1099 1462 tempore
1135 1347 1428 1460 granditatis,
1462 1377 1551 1459 quo
1592 1377 1753 1466 nempe
1787 1355 1949 1441 cavitas
2067 1420 2073 1426 -

170 1475 365 1588 pectoris
397 1476 530 1586 magis
563 1477 710 1560 adhuc
744 1485 1009 1584 coarctatur,
1047 1485 1139 1558 tum
1172 1501 1253 1588 per
1286 1499 1582 1586 inlusurum,
1631 1507 1761 1588 quarn
1800 1507 1950 1568 anonu-

171 1622 355 1688 ιιιιιιυιι
388 1601 621 1686 inlluxum
655 1601 994 1746 periculosiores
1028 1599 1144 1687 sieri.
1178 1601 1385 1711 Etenim,
1419 1629 1518 1685 cum
1552 1603 1830 1712 graviditatis
1862 1635 1949 1692 mo-

151 1740 323 1812 mento
359 1728 422 1813 vis
454 1728 603 1813 vitalis
635 1729 864 1844 praecipue
896 1729 946 1812 in
981 1739 1112 1812 utero
1163 1737 1451 1813 concentrata
1491 1739 1538 1811 et
1572 1729 1639 1812 ibi
1671 1736 1729 1815 ad
1762 1731 1948 1819 infantis
2000 1767 2002 1774 ¹

171 1856 507 1963 generationem
549 1866 597 1940 et
628 1849 937 1939 formationem
945 1919 960 1962 ,
1009 1866 1110 1938 cum
1142 1854 1414 1940 detrimento
1465 1851 1704 1964 reliqarum
1753 1860 1950 2002 corporis

169 1981 364 2094 partiu'm
397 1981 780 2095 procedentem,
766 2006 816 2064 ιιι
843 2008 983 2065 unum
1017 1971 1224 2092 congesta
1257 1984 1388 2088 sit,--
1404 1980 1608 2089 vulnera,
1642 2011 1744 2092 quae
1778 1985 1829 2069 in
1862 1988 1950 2070 hoc

48 2121 51 2129 “
173 2116 347 2221 tempus
378 2107 606 2216 incidunt,
641 2119 766 2192 tanto
793 2107 929 2217 magis
962 2107 1233 2192 deteriorem
1266 2108 1432 2190 habere
1465 2108 1738 2194 reaotionem
1763 2115 1949 2220 debent,
1990 2128 2000 2149 '¹

76 2297 86 2312 .
172 2243 341 2342 quanto
376 2233 543 2342 reliqui
577 2233 772 2348 corporis
805 2233 870 2319 vis
901 2231 1174 2318 medicatrix
1207 2236 1263 2316 ad
1297 2231 1506 2316 intimum
1546 2234 1752 2319 solitum
1765 2241 1950 2346 gradum

172 2358 362 2472 delapsa,
395 2359 621 2462 laesionem
655 2364 712 2442 ad
744 2359 976 2444 minimum
1007 2359 1194 2443 noxiam
1227 2359 1502 2472 supprimere
1534 2361 1711 2472 nequit.
1744 2361 1845 2447 Hoc
1878 2391 1951 2448 au·
1987 2355 1990 2362 ’

173 2494 262 2568 tem
295 2511 375 2570 nos
407 2511 692 2596 nequaquam
722 2473 956 2572 inducere
974 2485 1127 2593 debet,
1160 2496 1214 2568 ut
1245 2485 1554 2570 existimemus
1577 2489 1844 2631 graviditate
1863 2489 1948 2574 for-

173 2617 232 2716 te,
266 2621 319 2694 ut
349 2611 538 2724 phthysi
572 2611 837 2720 laborantes,
887 2641 981 2697 non
1013 2616 1145 2696 modo
1178 2610 1318 2724 pluris
1350 2638 1444 2694 non
1480 2613 1667 2722 gravari,
1701 2616 1947 2699 sedetiam

172 2737 490 2822 commodiores
523 2739 667 2825 reddi.
704 2738 887 2841 Quod'
873 2767 1014 2854 rpsum
1048 2763 1229 2854 quoque
1263 2763 1357 2821 non
1390 2735 1553 2848 minus,
1586 2765 1717 2852 quam
1751 2741 1870 2827 illud
1892 2739 1950 2826 al·

175 2873 320 2950 terum
353 2863 642 3024 experientia
676 2858 979 3012 confirmatur.

993 3033 1126 3146 528.

613 3202 1500 3268 Consonrscousrrrurro.

237 3331 551 3422 Cousrrrumo'
575 3361 795 3440 consonis
835 3335 1010 3447 aegroti,
1044 3363 1198 3446 magna
1238 3336 1349 3420 vitoe
1381 3337 1655 3448 singulorum
1705 3339 1951 3460 (individu-
1988 3329 1991 3338 ⁵

171 3458 314 3580 arum)
348 3462 593 3569 diversitas,
628 3465 819 3573 ejusque
849 3463 1076 3548 relationis
1109 3457 1166 3545 ad
1198 3489 1274 3548 res·
1306 3473 1442 3547 extra
1474 3490 1555 3549 nos
1602 3466 1780 3578 positas,
1814 3472 1949 3582 digna

173 3599 239 3672 est
271 3589 581 3674 observatione
614 3590 831 3699 chirurgi,
864 3589 1049 3730 quippe,
1082 3615 1184 3697 quae
1217 3589 1417 3674 vulneris
1450 3600 1530 3684 aut
1562 3588 1699 3679 febris
1739 3623 1850 3680 mox
1883 3599 1949 3682 in·

172 3715 402 3825 sequentis
436 3714 745 3800 conditionem
765 3717 873 3859 plus
906 3714 1107 3824 minusve
1157 3716 1462 3828 complicatam
1511 3709 1677 3806 r'eddit.
1724 3722 1752 3766 ³
1741 3720 1951 3808 Multum

73 3945 81 3958 ‚
158 3821 326 3923 ‘''enim
358 3839 548 3926 differre
599 3841 795 3954 corporis
838 3840 973 3955 ipsius
1021 3839 1215 3923 hominis
1265 3841 1659 3956 constructionem,
1706 3846 1949 3966 aliquando

172 3965 327 4051 ”enim
361 3993 511 4080 neque
540 3965 821 4075 febricitare,
854 3991 1005 4077 neque
1039 3963 1307 4053 inflammari
1340 3963 1626 4079 sauciatmn2’,
1646 3971 1789 4057 olim
1775 4002 1860 4083 Jam
1885 3977 1950 4059 di·

172 4091 251 4175 xit
284 4103 410 4204 pater
441 4087 735 4180 medicinas).
770 4093 1075 4180 Ronusmonns
1107 4092 1291 4177 sauciati
1324 4095 1484 4208 saepius
1514 4097 1898 4232 phlegmonoidi
1874 4129 1951 4188 rn-

107 4263 110 4270 ·
172 4215 478 4302 ιΙιιιιιιιιιιιιοιιε
512 4219 732 4326 laborant3
765 4241 969 4326 osismus,
1002 4220 1204 4302 sordibus
1236 4217 1477 4332 primarum
1517 4223 1710 4332 viarum,
1759 4215 1947 4339 aliisque
2069 4229 2089 4276 ²

173 4344 457 4452 digestionis
470 4343 594 4429 vitiis
625 4344 808 4454 adfecti,
847 4343 1028 4429 facile
1013 4370 1198 4457 insuper
1230 4346 1627 4460 erysipelatosam
1623 4349 1949 4440 inllammatio·

173 4497 278 4556 nem
311 4471 570 4556 laesionibus
600 4470 689 4556 suis
721 4477 934 4557 accedere
965 4471 1217 4604 patiuntur,
1251 4498 1338 4580 qua
1356 4475 1624 4560 succedente
1641 4487 1776 4564 status
1794 4509 1948 4565 eorum

174 4597 316 4682 multo
349 4585 550 4682 deterior
582 4597 747 4683 evadit.
779 4596 1021 4712 Dispositio
1054 4600 1112 4680 ad
1143 4531 1346 4710 phthisin
1379 4599 1598 4684 accelerat
1613 4629 1846 4717 saeptsslme
1869 4637 1950 4724 pu·

173 4723 237 4808 ris
276 4723 328 4807 in
366 4723 561 4836 pectoris
604 4723 794 4810 cavitate
833 4727 934 4838 post
964 4719 1153 4808 vulnera
1201 4721 1532 4834 formationem,
1582 4739 1643 4811 ut
1664 4731 1783 4816 inira
1817 4753 1851 4840 (5
1881 4759 1946 4847 86)

176 4849 388 4962 exemplo
419 4851 694 4936 docebimur.
727 4847 939 4966 Corporis
970 4851 1217 4965 praevalens
1248 4855 1305 4934 ad
1328 4851 1630 4966 polyoholiam
1645 4857 1949 5032 dispositio,-

176 5056 216 5142 ο)
246 5057 462 5124 dinosceris.
490 5073 576 5119 uc
603 5058 703 5119 Τοιιι.
731 5057 758 5120 1.
785 5075 820 5142 p.
852 5057 934 5120 251.
962 5054 1154 5148 Osteologf·
1171 5053 1301 5142 §579.

178 5160 218 5248 p)
246 5161 472 5224 ttrmocruns
501 5153 781 5226 Praedictiouum
799 5155 873 5222 Lib.
900 5161 944 5221 Il.
973 5159 1061 5222 Sect.
1092 5162 1116 5220 l
1145 5161 1228 5246 Cap.
1257 5159 1306 5236 IX
1335 5155 1411 5223 vid.
1439 5154 1550 5244 ejusd.
1591 5178 1700 5246 opera
1738 5166 1888 5246 genuina
1912 5169 1950 5236 in
2024 5155 2027 5164 ’

99 5257 102 5265 “
254 5263 406 5325 numm
438 5257 558 5324 “Artis
583 5245 734 5326 medica}
760 5257 980 5349 principes“.
1012 5263 1051 5326 8⁰
1065 5258 1152 5326 Edit
1180 5263 1376 5326 lausanna·
1406 5260 1512 5346 ¹7⁶9·
1539 5261 1638 5324 Tom.
1666 5263 1693 5326 1.
1718 5281 1755 5350 p.
1785 5271 1867 5334 208.

1789 5471 1794 5478 Ι
1814 5369 1841 5452 5
