4960 6054
1370 400 1532 474 xvrn'

522 621 626 700 dium
655 622 885 722 scriptorum
913 615 1161 700 classicorum
1191 615 1244 692 de
1273 613 1571 718 pathognomico
1595 619 1730 722 pretio
1760 613 2014 717 huiussIgni.
2042 617 2152 720 884.
2170 661 2208 678 ··
2229 609 2323 700 Om'

522 765 594 818 ara
624 763 744 815 arona
774 761 989 830 coronare,
1021 761 1185 837 quorum
1208 739 1297 812 vitia
1326 738 1453 812 multis
1490 739 1640 813 casibus
1671 739 1898 839 probantur.
1920 739 1942 838 d
1961 740 2027 816 85.
2043 739 2313 816 „rassae

522 883 603 936 sss.
620 860 870 952 Ds'soursrno
903 879 1131 934 canamus.
1164 857 1372 954 Prognosis
1404 879 1571 932 rncsnra
1588 870 1628 931 et
1659 855 1992 932 baecrulnerunr
2022 872 2158 957 pectus
2189 882 2308 958 pene·

525 982 703 1058 frontium
733 978 975 1077 complicatio
995 997 1233 1052 suarcunosx
1264 987 1336 1050 est.
1367 976 1500 1050 llario
1529 976 1692 1076 periculi
1723 975 1870 1074 pendet
1900 975 1928 1050 a'
1953 977 2096 1076 duplici
2113 980 2307 1074 sanguinis

523 1101 752 1176 extravasati
784 1099 942 1170 effectu:
979 1119 1020 1172 ιο
1051 1117 1242 1170 aasrncru
1273 1117 1502 1170 mncnaarco
1518 1137 1555 1152 -
1568 1117 1642 1193 per
1663 1098 1832 1193 ,spatium
1862 1097 2031 1193 pectoris
2060 1109 2308 1174 coarctatum.

524 1215 646 1324 Quod
678 1219 809 1290 evenit
839 1215 903 1289 vel
936 1237 1038 1305 orro,
1071 1227 1111 1290 et
1145 1213 1258 1288 trahit
1289 1237 1421 1288 secum
1451 1213 1759 1304 suffocationem,
1774 1214 1891 1287 -vel
1931 1237 2066 1305 asara,
2099 1227 2177 1290 tum
2223 1215 2308 1315 pul·

522 1359 659 1412 mones
690 1337 831 1408 sensim
862 1333 1119 1435 paulatimque
1149 1334 1421 1432 reprimuntur,
1453 1355 1669 1429 eorumque
1699 1333 1849 1408 functio
1878 1355 1960 1408 non
1990 1335 2116 1408 solum
2144 1335 2185 1408 in
2205 1355 2308 1434 prm·

522 1478 629 1550 sens,
660 1453 734 1528 sed
765 1455 878 1530 etiam
908 1456 955 1533 in
978 1462 1176 1554 posterum
1210 1463 1357 1551 tempus
1389 1451 1606 1550 impeditur.
1639 1451 1877 1547 Argumenta
1905 1450 2020 1525 huius
2050 1453 2109 1526 rei
2139 1475 2190 1528 ex
2220 1475 2307 1528 ana-

525 1571 936 1672 tomico-pathologicis
967 1572 1293 1668 disquisitionibus
1311 1570 1490 1644 Laaasrr
1509 1569 1694 1668 desumto.
1710 1611 1746 1626 -
1770 1584 1812 1644 2⁰
1828 1593 2019 1644 anseres-u
2037 1593 2308 1648 erarico-nro·

523 1715 741 1768 urnamoo.
773 1691 935 1788 Sanguis
967 1690 1253 1790 decompositus
1286 1691 1359 1762 rim
1389 1711 1497 1762 suam
1527 1701 1687 1766 exercet
1717 1691 1756 1762 in
1772 1687 1941 1766 thoracis
1959 1713 2197 1790 compagem,
2215 1713 2305 1768 con·

522 1811 602 1886 bair
634 1821 757 1887 totum
786 1832 928 1909 corpus
961 1822 1000 1884 et
1033 1809 1221 1908 putridam
1252 1808 1403 1882 febrem
1433 1799 1610 1882 excitare*
1634 1820 1776 1908 potest.
1827 1808 2014 1882 Iudicium
2050 1807 2201 1884 ramas
2231 1808 2308 1888 hec

522 1929 576 2004 de
602 1951 651 2004 re
681 1927 788 2028 §dd
803 1926 1022 2002 —Gnanus
1053 1927 1214 2027 periculi
1244 1949 1331 2002 cum
1362 1928 1574 2024 quantitate
1606 1927 1720 2000 effusi
1751 1926 1909 2024 liquoris
1929 1938 1981 2012 ,et
2005 1939 2180 2028 tempore
2203 1950 2305 2004 com·

521 2049 744 2124 morationis
775 2049 858 2120 eius
889 2048 930 2120 in
958 2049 1127 2144 pectoris
1159 2047 1322 2120 caritate
1351 2047 1457 2120 venit
1486 2048 1527 2118 in
1556 2067 1707 2142 genere
1754 2045 1861 2120 recti
1899 2049 2061 2122 ratione.
2108 2046 2302 2148 Exemplo,

322 2179 345 2282 Ι·
385 2259 389 2275 „
523 2185 615 2265 quae
647 2167 900 2264 exceptiones
931 2163 1146 2246 admittunt.
1161 2205 1199 2222 -
1213 2165 1383 2254 Taurus,
1415 2186 1493 2263 quo
1541 2167 1855 2239 extravasationis
1902 2166 2080 2264 sequelae
2125 2167 2303 2242 accidunt

523 2285 679 2360 deliniri
708 2285 856 2380 nequit,
903 2301 995 2380 quae
1025 2305 1144 2383 saepe
1174 2281 1295 2356 multo
1327 2295 1415 2382 post
1446 2285 1637 2382 opinatam
1655 2283 1798 2357 ‘salutis
1836 2285 2310 2384 recuperationem-scof-

522 2400 892 2503 ierunt.,Exenspls.
924 2399 1032 2502 887.
1048 2443 1086 2460 -
1102 2401 1321 2476 Paoonosrs
1353 2423 1559 2476 sanemus.
1591 2401 1851 2478 Extravasatio
1898 2406 1939 2476 in
1983 2405 2135 2478 sinistra
2168 2417 2305 2504 pecto·
2360 2427 2367 2450 ⁴

521 2525 576 2596 ris
596 2523 771 2597 cavitate
800 2519 1056 2621 periculosior
1086 2530 1161 2612 est,
1192 2523 1373 2617 quanin
1404 2520 1552 2595 dextra.
1585 2517 1788 2594 Maximum
1818 2533 1947 2598 autem
1980 2524 2159 2598 imminet
2205 2525 2305 2624 peri·

521 2638 668 2730 culum,
712 2641 745 2713 si
774 2639 840 2714 illa
868 2641 1089 2736 inutraque
1108 2638 1221 2748 qimul
1236 2640 1402 2714 cavitate
1415 2638 1543 2714 locum
1572 2636 1702 2714 habet.
1735 2639 2022 2714 Extrarasatum
2051 2643 2189 2716 evasis
2221 2641 2310 2742 pulo

522 2781 680 2836 monum
706 2759 840 2832 maiori
870 2779 956 2832 cum
987 2757 1128 2832 damam
1157 2761 1404 2832 coniunctum
1435 2768 1509 2848 est,
1540 2781 1652 2856 quam
1682 2759 1789 2855 quod
1806 2759 2026 2834 exsdrteria
2049 2761 2305 2854 intercostali,

522 2900 651 2975 aeque
681 2893 728 2952 sc
756 2879 796 2950 in
831 2876 1077 2975 pulmonibus
1120 2877 1244 2950 minus
1295 2875 1568 2976 periculosum,
1624 2899 1736 2984 quam
1773 2877 1878 2975 quod
1930 2880 1971 2952 in
2015 2877 2308 2981 diaplrragmate

523 2997 705 3092 obtingit.
736 2993 901 3092 Organis
946 2997 1094 3093 vicinis,
1123 2995 1235 3068 simul
1285 2997 1324 3069 in
1369 3017 1601 3070 consensum
1646 2998 1815 3072 attractis
1866 2995 2079 3096 periculum
2123 3009 2303 3095 augetur.

522 3115 545 3216 d
564 3120 633 3194 88.
647 3155 685 3172 -
702 3111 849 3188 Cusas.
867 3113 1149 3188 Ixnrcsrronss
1166 3115 1401 3188 consuram:
1441 3125 1482 3188 1⁰
1513 3113 1663 3188 Instans
1696 3120 1950 3190 extravasatio
1969 3119 2108 3208 statim,
2130 3119 2170 3190 in
2186 3139 2303 3215 quan.

524 3245 604 3310 tum
633 3231 711 3306 hoc
740 3243 831 3332 apte
861 3233 948 3306 fieri
979 3232 1115 3332 possit,
1147 3231 1335 3332 tollenda,
1365 3235 1561 3306 imminens
1592 3243 1735 3322 autem,
1766 3235 1985 3309 omrrimodo
2032 3237 2303 3333 praecavenda.

524 3366 570 3428 2⁰
602 3351 922 3426 Extravamtionis
953 3347 1132 3446 sequelae
1161 3349 1403 3424 amovendae.
1434 3349 1541 3450 §89-
1556 3393 1593 3408 -
1608 3348 1939 3426 Extravasationes
1968 3353 2163 3428 interdum
2195 3368 2308 3430 natm·

521 3494 565 3546 rs
593 3468 840 3544 medicatrice
870 3479 1096 3542 amoventur
1126 3479 1167 3541 et
1198 3467 1352 3566 quidem
1369 3491 1440 3570 per
1454 3457 1705 3544 inunediatans
1718 3471 2002 3560 resobtionem,
2028 3495 2100 3572 per
2130 3495 2306 3576 asperam

521 3589 712 3678 arteriam,
743 3611 814 3687 per
843 3587 918 3662 alvi
949 3587 1266 3662 exonerationem
1298 3599 1337 3662 et
1368 3611 1440 3687 per
1470 3591 1628 3662 urinam.
1678 3586 1872 3688 Exempla.
1922 3588 2082 3689 §9⁰³
2101 3589 2308 3700 Quaprop-

523 3719 584 3788 ter
613 3706 721 3780 multi
752 3705 921 3802 chinmgi
952 3705 1046 3806 (uni
1077 3727 1164 3780 cum
1195 3705 1375 3806 Saxam)
1401 3705 1503 3782 banc
1532 3730 1614 3782 rem
1646 3716 1798 3780 naturae
1828 3708 2089 3807 peragendam
2106 3710 2307 3809 relinque·

520 3849 569 3904 re
597 3825 773 3900 suadent.
788 3823 1025 3900 -ludicium
1056 3822 1257 3916 dossum,
1288 3824 1380 3923 quid
1411 3825 1600 3902 commodi
1618 3836 1896 3901 extrarasatum
1925 3840 2108 3928 respectu
2124 3851 2304 3904 vasorum

521 3943 831 4040 sanguiferorum
874 3954 1097 4042 apertorum
1132 3941 1285 4018 lrabeat.
1318 3944 1427 4044 891.
1442 3987 1480 4002 -·
1493 3941 1695 4036 Remedia,
1726 3965 1817 4040 quas
1846 3945 1896 4020 ad
1928 3952 2190 4024 excretionem
2237 3971 2306 4022 ex·

521 4063 699 4140 b‘svasati
729 4075 978 4162 perauctam
1009 4063 1237 4138 activitstem
1267 4065 1483 4161 systematis
1513 4084 1691 4138 vasorum
1721 4061 2037 4164 lymphaticomm
2067 4079 2107 4143 et
2140 4069 2221 4142 tubi
2246 4069 2306 4142 in·

523 4181 708 4258 testinalis
739 4185 898 4256 maxime
929 4163 1070 4256 solent.
1102 4179 1175 4284 (A)
1205 4181 1438 4258 Gananxmx
1461 4203 1650 4256 annania:
1689 4193 1730 4256 ιο
1761 4187 2023 4278 rensesectio,
2057 4207 2100 4260 20
2129 4185 2304 4262 remedia

520 4301 714 4400 specifica,
745 4323 836 4398 quas
867 4303 1096 4379 nativitatem
1127 4301 1269 4374 viarum
1300 4301 1569 4401 urinifersrum
1599 4312 1641 4374 et
1659 4303 1738 4376 tubi
1756 4303 1984 4378 intestinalis
2006 4317 2162 4402 augent:
2182 4309 2226 4404 a)
2240 4329 2304 4380 re·

519 4419 646 4494 media
676 4419 863 4514 dimetica
892 4423 1054 4512 mitiora,
1084 4419 1131 4520 b)
1161 4421 1331 4496 remedia
1362 4421 1607 4519 eccoprotica
1637 4431 1678 4495 et
1709 4443 1808 4520 quae·
1830 4421 1941 4498 simul
1986 4425 2029 4498 in
2064 4425 2141 4500 vias
2186 4427 2305 4498 urini-

518 4539 622 4614 ieras
655 4541 727 4612 vim
758 4551 958 4633 exercent3
991 4539 1083 4614 salia
1114 4551 1262 4614 neutra.
1278 4539 1400 4640 -(B)
1427 4537 1615 4615 Rauenna
1646 4561 1798 4614 noeros:
1836 4543 1877 4640 a)
1908 4540 2056 4617 locales
2104 4545 2301 4640 sanguinis

520 4655 795 4734 detractiones:
827 4659 1044 4733 cucurbitas
1073 4657 1398 4754 sanguinolentas,
1416 4695 1451 4711 -
1465 4657 1655 4736 Dmrouns
1687 4672 1880 4734 rentouse
1909 4655 2043 4736 arande
2071 4661 2124 4738 de
2154 4661 2301 4738 lancei-

522 4787 595 4867 tes,
627 4776 910 4852 Sanusnnrnaa
940 4772 1220 4868 Bdellometre,
1237 4779 1540 4874 sanguisugae3-
1559 4781 1603 4878 s)
1633 4779 1804 4854 remedia
1834 4777 1971 4854 localia
2001 4793 2136 4856 contra
2165 4793 2301 4857 contu·

513 4898 669 4972 sionem
700 4899 860 4972 usitata:
882 4895 1128 4994 Oxycratum.
1159 4895 1318 4996 §92³
1334 4896 1544 4972 Ixnrcmo
1574 4895 1690 4972 huius
1720 4895 1895 4972 methodi
1925 4899 2038 4972 unica
2067 4909 2128 4976 est
2159 4903 2298 4998 exigua

518 5017 714 5112 sanguinis
746 5018 1013 5106 extravasatio,
1046 5019 1131 5090 sine
1168 5019 1295 5114 magni
1344 5019 1527 5091 momenti
1572 5017 1899 5118 symptomatibus.
1947 5017 2298 5096 Coaauamcmo

517 5147 647 5210 autem
677 5135 798 5210 maior
828 5138 1092 5214 extravasatio.
1110 5179 1143 5194 -
1157 5134 1243 5208 Non
1260 5137 1377 5234 prius,
1395 5161 1506 5232 quam
1537 5135 1635 5234 stati
1673 5137 1745 5210 iam
1774 5134 2064 5236 haemorrhagid
2081 5137 2301 5237 proceden-

518 5251 611 5332 darm
640 5265 702 5332 est
731 5252 782 5334 ad
797 5253 1050 5333 mediatam
1079 5259 1309 5344 extrarasati
1337 5259 1582 5348 amotionem,
1612 5255 1646 5334 si
1674 5259 1802 5357 gravis
1830 5259 2040 5371 necessitas
2071 5279 2152 5334 non
2183 5279 2327 5356 urge-t
