4942 6048
1352 406 1450 496 ’θλ
1671 509 1680 520 ἢ

395 651 402 662 ’
553 707 558 716 .
584 634 763 722 Praeter
779 633 877 716 haec
894 627 1084 746 positiva
1118 625 1491 713 extravasationis
1509 625 1559 710 in
1592 635 1779 742 pectore
1813 593 1952 736 signa,
1969 621 2049 708 alii
2072 649 2173 708 cum
2189 619 2301 708 Hm·

403 753 408 766 ’
471 776 475 788 ’
516 755 686 850 srnno‘)
711 759 970 872 negativum
1003 757 1190 866 aliquod
1222 755 1484 862 admittunt,
1508 782 1647 864 quum
1664 777 1839 866 nempe,
1873 751 2058 836 laesione
2092 779 2300 862 quorum·

516 891 632 976 libet
654 914 881 998 uasorum,
912 887 988 968 vel
1021 884 1238 970 viscerum
1271 881 1374 968 satis
1407 883 1568 1002 evicta,
1603 882 1845 990 sauguinis,
1867 881 1940 966 vel
1972 883 2105 966 modo
2129 880 2299 991 exigua

517 1017 760 1130 quantitas,
792 1014 866 1100 vel
898 1012 1030 1128 plane
1064 1012 1191 1096 nulla
1223 1009 1458 1096 evulnere
1493 1007 1663 1095 eft'luit.
2124 1097 2128 1106 ,

1205 1203 1209 1210 ·
1342 1177 1480 1290 §du

580 1345 668 1431 Illa
716 1344 841 1458 signa
863 1343 935 1429 ,in
984 1343 1241 1429 universum
1275 1341 1500 1452 sanguinis
1550 1339 1905 1426 extravasationi
1959 1337 2155 1458 propria¹
2179 1351 2301 1428 sunt.

383 1556 389 1566 .
469 1539 472 1548 2
519 1473 634 1560 Haec
667 1475 703 1558 si
737 1485 978 1582 utumrque
1026 1480 1183 1585 pectus
1216 1470 1473 1554 immediate
1507 1467 1671 1574 atttcit,
1722 1496 1815 1590 non
1848 1470 1988 1554 solum
2021 1469 2152 1554 allata
2187 1495 2301 1580 sym-

515 1610 711 1718 ptomata
744 1601 898 1709 quoad,
927 1597 1231 1683 intensitatem
1266 1623 1422 1682 eorum
1452 1609 1690 1706 augentur,
1709 1601 1786 1682 sed
1807 1595 1987 1711 insuper
2019 1619 2300 1680 succursura

516 1731 722 1838 quaedam
753 1727 877 1836 signa
911 1726 1034 1809 hunc
1065 1736 1227 1814 statum
1261 1723 1466 1838 proprius
1503 1723 1782 1810 indicabunt.
1815 1721 2041 1834 Aegrotus
2073 1749 2134 1806 on
2160 1745 2302 1834 cunyr

351 1885 357 1897 ·
515 1877 697 1938 Doholtss
729 1879 770 1938 ru
804 1879 949 1936 usuro
982 1859 1191 1944 escrons
1225 1861 1509 1960 conquestus,
1527 1877 1678 1963 neque
1695 1857 1867 1960 sedere,
1899 1877 2050 1962 neque
2079 1849 2305 1936 alterutro

514 1981 663 2090 lateri,
686 2005 761 2068 urst
794 2006 936 2066 oonso
967 1980 1230 2066 incumbere
1262 1970 1463 2096 potestf).
1582 2057 1587 2066 ,

1345 2143 1543 2258 §du

1106 2375 1396 2444 Dracuosrs
1434 2390 1714 2440 sereni-,rs

467 2575 475 2584 ’
579 2571 663 2662 Ex
694 2573 889 2688 imagine
913 2577 1148 2688 hucusque
1180 2593 1238 2682 (tt
1263 2591 1407 2681 7s·8'¹)
1442 2573 1636 2690 depicta,
1654 2575 1955 2663 extravasatio
1973 2576 2022 2661 in
2039 2575 2302 2660 universum

514 2703 710 2819 perspici
743 2713 906 2820 potest,
926 2704 1016 2810 cui,
1049 2712 1185 2818 prout
1217 2701 1343 2812 origo
1377 2702 1472 2810 ejus
1504 2702 1663 2814 variat,
1696 2705 1796 2819 plus
1833 2705 2034 2798 minusve
2068 2703 2304 2788 adumbra-

518 2829 654 2914 tionis
685 2829 926 2944 peculiaris
957 2829 1146 2915 accedit.
1182 2823 1319 2930 Quod
1341 2829 1512 2944 attinet
1524 2839 1673 2916 autem
1691 2831 1999 2916 intensitatem
2018 2855 2172 2915 eorum
2188 2853 2304 2940 sym·

514 2961 776 3071 ptomttmn,
808 2955 1015 3042 anxietas
1033 2954 1183 3059 statim
1213 2965 1313 3069 post
1341 2955 1571 3040 vlaesionem
1606 2957 1789 3072 incipit,
1802 2959 2039 3069 locumque
2057 2949 2302 3069 suspicioni

469 3133 472 3148 ·
515 3084 685 3191 reddit,
708 3082 892 3176 xfontem
924 3081 975 3166 in
1007 3081 1164 3192 majori
1205 3085 1397 3190 quodam
1447 3108 1549 3167 vaso
1580 3083 1735 3188 latere.
1771 3079 1855 3169 Sin
1902 3094 2052 3167 autem
2091 3082 2306 3165 anxietas
2465 3135 2466 3178 t

514 3207 593 3294 illa
628 3211 843 3324 paulatim
874 3235 1044 3322 semper
1076 3219 1220 3318 aucta,
1253 3211 1311 3292 ab
1342 3205 1501 3292 infimo
1534 3214 1591 3293 ad
1624 3235 1725 3293 eum
1764 3235 1906 3319 usque
1940 3213 2123 3322 gradum
2140 3207 2305 3293 sensim
2465 3183 2466 3270 i

513 3359 619 3422 sese⁴
639 3335 831 3442 attollat,
865 3345 917 3418 ut
949 3335 1035 3419 vix
1068 3345 1243 3446 aegroto
1274 3335 1521 3420 tolerabilis
1551 3335 1629 3442 sit,
1658 3346 1781 3419 recte
1799 3337 2102 3443 concluditur,
2119 3361 2193 3420 vas
2224 3331 2303 3417 ali·

422 3479 424 3488 ·
515 3465 641 3572 quod
674 3461 858 3546 minoris
891 3461 1081 3546 ambitus
1099 3461 1373 3546 solummodo
1405 3461 1560 3546 laesum
1591 3459 1988 3574 esse—Sanguine
2003 3471 2048 3548 'e
2080 3459 2304 3576 pulmoni-

504 3589 603 3674 bus
629 3587 948 3701 proveniente,
979 3589 1069 3672 hoc
1098 3591 1423 3698 quodammodo
1466 3615 1493 3672 e
1525 3589 1906 3702 symptomatibus,
1939 3616 2042 3701 quae
2076 3589 2127 3672 in
2160 3586 2304 3673 consi·

515 3717 716 3798 deranda
752 3714 968 3824 ejusmodi
1000 3713 1221 3802 uiscerum
1265 3713 1454 3800 laesione
1500 3713 1814 3824 indicabimus,
1862 3725 2071 3830 appareat
2119 3737 2301 3800 necesse

515 3848 594 3926 est.
628 3841 797 3955 Nempe
831 3869 983 3955 spuma
1018 3841 1372 3952 sanguinolenta·
1394 3843 1450 3924 ab
1483 3866 1561 3924 ore
1596 3842 1772 3951 aegroti,
1796 3843 1920 3950 gravi
1957 3841 2061 3927 tussi
2079 3841 2302 3925 continuo

513 3965 773 4076 laborantis,
805 3995 1046 4079 nunquum
1076 3973 1272 4076 secedet,
1304 3978 1392 4052 etc.
1424 3965 1801 4052 Extravasatione
1834 3979 1985 4054 autem
2017 3967 2213 4082 pectoris
2230 3994 2302 4080 pa·

481 4091 651 4180 'rietes
684 4104 950 4208 occupante,
982 4095 1164 4206 sanguis
1190 4122 1285 4177 non
1325 4094 1718 4206 expectorabitur,
1746 4091 1992 4182 difficultas
2025 4121 2132 4180 vero
2167 4093 2303 4207 respi-

514 4219 701 4306 rationis
734 4221 869 4332 magis
901 4221 1130 4332 magisque
1160 4213 1451 4331 augebiturst.
1467 4218 1679 4329 Denique
1713 4247 1865 4307 omnes
1888 4219 2129 4335 scriptores
2141 4222 2191 4304 in
2212 4222 2301 4304 hoc

464 4359 469 4368 '
513 4371 607 4428 nno
641 4347 946 4457 consentiunt,
980 4349 1017 4434 si
1031 4347 1180 4434 omnia
1206 4355 1499 4462 symptomata
1530 4345 1834 4455 conjecturam
1850 4353 1909 4434 de
1932 4347 2302 4434 extravasatione

512 4457 709 4586 pectoris
740 4475 1022 4590 probabilem
1048 4474 1230 4582 iaciant,
1265 4502 1347 4587 per
1366 4500 1413 4560 os
1433 4485 1580 4558 tamen
1611 4485 1805 4585 aegrotus
1826 4477 2005 4562 nullum
2035 4475 2301 4586 sanguinem

512 4603 692 4708 reddat,
725 4601 777 4686 id
806 4629 891 4716 pro
907 4613 1032 4692 certo
1048 4599 1110 4726 (i)
1124 4601 1298 4688 indicio
1315 4600 1473 4688 haberi
1506 4600 1704 4690 laesionis
1735 4601 1787 4688 in
1817 4603 1982 4692 arteria
2012 4599 2300 4692 interoostnli

516 4725 779 4816 existentis.

399 4997 406 5008 ’
513 5007 552 5098 e)
579 5015 734 5080 linimen.
763 5031 792 5080 t„
820 5035 852 5080 e.
880 5037 916 5104 p.
938 4973 1025 5103 riq..
1044 5021 1138 5086 v111.·
1167 5015 1212 5082 5:

511 5109 548 5198 5)
576 5119 627 5216 Dp
654 5136 696 5184 m
721 5121 852 5184 Morus.
881 5137 911 5184 ι.
939 5139 969 5184 c.
996 5139 1031 5207 p.
1054 5123 1310 5190 sta-onam.
1339 5139 1369 5186 r.
1397 5135 1426 5187 c.
1455 5139 1490 5210 p.
1507 5121 1598 5210 765ἡ

513 5215 736 5304 ωῑΒω.
763 5239 793 5288 ι.
822 5239 855 5288 c.
882 5223 1025 5310 ptos.
