4960 6054
1400 401 1456 483 32

528 629 757 714 trantibus
789 628 1082 740 disputantes,
1116 625 1313 708 animum
1347 636 1550 710 nostrum
1583 620 1786 737 inprimis
1818 629 2053 710 advertere
2080 629 2314 735 debemus,

529 784 612 870 pro
629 780 725 839 mea
758 753 975 866 opinione
1010 760 1134 836 sunt:
1167 747 1211 868 a)
1245 749 1401 858 nanas,
1435 747 1484 868 b)
1518 775 1670 856 snxus,
1705 747 1754 866 c)
1789 777 2003 835 connonrs
2036 779 2182 836 anoni
2215 779 2317 838 con·

531 907 740 986 sanmuro,
775 907 878 987 quae
914 878 1064 962 omnia
1097 885 1302 990 spectant
1351 877 1600 982 subjectum
1633 927 1692 940 --
1725 899 1977 980 lnqurnmne
2019 889 2066 964 et
2115 877 2166 997 d)
2216 905 2318 964 con·

532 1033 729 1112 srrrumo
764 1028 1071 1110 enarronanm,
1104 999 1149 1118 e)
1191 1027 1347 1108 corun,
1381 998 1418 1119 f)
1468 1025 1665 1112 numque
1713 1027 1950 1112 samsona,
1987 1015 2196 1116 tanquam
2231 1031 2318 1086 nx·

534 1151 761 1218 manete,
1617 1139 1621 1150 ’

1353 1255 1380 1370 5
1422 1258 1493 1341 26.

1262 1401 1591 1478 Arruns.

598 1543 671 1628 Ita
719 1551 870 1626 autem
917 1507 1078 1626 natura
1127 1552 1423 1655 comparatum
1473 1550 1555 1648 est,
1595 1550 1648 1623 ut
1698 1541 1831 1628 certis
1864 1543 1972 1628 vitae
2023 1541 2318 1657 temporibus,

537 1683 660 1755 certa
681 1657 842 1788 'aetatu
878 1695 1042 1776 organa
1077 1671 1283 1776 quaedam
1316 1667 1366 1750 in
1400 1667 1597 1780 corporis
1630 1677 1852 1752 structura
1886 1669 2048 1756 ceteris
2074 1680 2316 1784 praestent,

536 1818 640 1909 quae
677 1806 784 1880 tunc
818 1793 1099 1901 conjunctim
1131 1795 1330 1878 omnium
1378 1793 1573 1877 maxime
1607 1793 1759 1877 valent
1790 1799 1849 1879 ad
1880 1795 2017 1880 vitam
2066 1805 2316 1880 sustentan-

537 1927 638 2008 dam
686 1933 733 2006 et
765 1947 848 2033 pro
892 1921 1084 2029 organis*
1102 1920 1151 2004 in
1186 1945 1371 2033 corpore
1422 1917 1699 2031 gravioribus
1749 1921 1987 2007 habentur.
2039 1921 2184 2024 Quam
2233 1921 2318 2003 diu

536 2051 669 2134 homo
706 2057 773 2158 est
806 2056 940 2130 aetate
973 2047 1149 2154 juvenis
1182 2055 1230 2132 et
1263 2045 1419 2159 rapido
1453 2071 1584 2130 cursu
1616 2049 1673 2128 ad
1706 2047 1903 2159 corporis
1926 2048 1993 2132 sui
2013 2047 2317 2132 maturitatem

542 2174 705 2281 tendit,
748 2172 919 2284 quaevis
951 2173 1076 2256 laesio
1110 2171 1324 2282 gravioris
1358 2171 1576 2286 compagis
1609 2173 1750 2256 multo
1783 2173 1934 2282 magis,
1968 2201 2099 2283 quam
2132 2175 2182 2257 in
2216 2198 2316 2286 pro·

445 2320 450 2336 ·
536 2299 731 2386 vectiori
765 2309 899 2384 aetate
932 2309 1068 2382 nocet
1101 2299 1281 2382 animali
1315 2297 1588 2385 oeconomiae
1625 2297 1760 2382 totius
1794 2298 1982 2410 fabricae
1994 2300 2206 2412 corporis,
2248 2298 2317 2380 in·

536 2426 690 2542 primis
724 2451 832 2510 vero
866 2451 1058 2534 organo,
1097 2425 1305 2538 proxime
1337 2427 1456 2510 laeso.
1505 2424 1708 2532 Thorax,
1750 2429 1898 2534 quoad
1946 2425 2170 2533 reliquum
2221 2450 2315 2505 cor-

537 2579 634 2668 pus,
669 2550 863 2659 exiguus
898 2549 948 2633 in
969 2549 1186 2634 'infantili
1219 2562 1367 2658 aetate,
1385 2550 1546 2635 crescit
1579 2573 1718 2658 usque
1751 2551 1946 2636 adultam
1964 2562 2141 2637 aetatem
2158 2561 2206 2636 et
2223 2575 2318 2631 rur·

540 2704 610 2764 sus
645 2678 694 2761 in
727 2687 947 2792 postrema
978 2677 1210 2786 angustior
1244 2677 1408 2762 evadit.
1445 2676 1596 2779 Quum
1629 2675 1769 2784 igitur
1802 2675 1850 2758 in
1878 2677 2319 2788 juventute,-quod

540 2805 731 2888 multum
773 2807 831 2886 ad
864 2829 958 2886 rem
991 2812 1184 2886 nostram
1225 2800 1579 2916 facit-pectus
1610 2827 1770 2916 perse
1805 2800 2037 2911 dilatetur,
2078 2801 2315 2886 branchiae

537 2942 687 3016 autem
727 2939 862 3040 atque
911 2927 1143 3041 pulmones
1193 2930 1433 3014 crescendo
1467 2928 1565 3041 plus
1614 2927 1836 3012 vitalitate
1868 2929 2084 3041 polleant,
2121 2951 2315 3043 (emarus.

538 3077 632 3144 Diss.
658 3079 695 3143 de
714 3081 866 3163 moenum
893 3075 1097 3160 dispositione
1123 3077 1165 3142 od
1190 3077 1315 3144 morbos
1341 3046 1541 3160 pulmonum.
1568 3074 1772 3150 4⁰.Holioe.
1795 3055 2110 3162 1720)th11161'2
2143 3053 2318 3138 idcirco

537 3187 623 3270 hac
657 3193 791 3266 aetate
825 3182 1059 3263 cavitatem
1093 3180 1392 3292 penetrantia,
1426 3205 1597 3293 semper
1630 3179 1680 3262 in
1714 3179 1855 3264 multo
1896 3181 2032 3288 majus
2064 3177 2318 3293 periculum

470 3379 477 3392 ,
537 3317 804 3426 praesentem
837 3331 1091 3418 compagum
1125 3314 1300 3413 statum,
1334 3306 1535 3419 inprimis
1569 3331 1675 3389 vero
1709 3309 1856 3413 quoad
1873 3307 2068 3418 corporis
2093 3305 2319 3391 formatio·

540 3461 646 3521 nem
693 3435 992 3547 peragendam
1033 3433 1277 3516 adducunt.
1310 3427 1377 3520 At
1408 3441 1620 3544 provecta
1652 3440 1785 3514 aetate
1817 3432 2022 3532 laesiones
2055 3434 2153 3517 istae
2186 3433 2320 3540 majo-

531 3562 583 3668 ri
616 3588 716 3643 cum
749 3557 967 3672 periculo,
1001 3583 1132 3665 quam
1165 3555 1310 3641 media
1360 3557 1616 3664 conjunctae
1656 3551 1815 3665 sunt,¹¹¹)
1849 3585 1985 3667 quum
2035 3560 2157 3644 enim
2192 3569 2321 3650 ‚tunc

543 3683 785 3772 ossilicatio
819 3681 1131 3791 cartilaginum
1163 3695 1381 3766 costarum
1414 3684 1689 3796 praevaleant
1720 3693 1767 3766 et
1800 3695 1932 3767 costae
1966 3687 2047 3768 ossi
2083 3685 2223 3768 sterni
2243 3687 2322 3768 l'ir-

541 3813 675 3898 miter
709 3813 989 3894 adhaerentes
1023 3835 1175 3921 parum
1210 3812 1445 3892 admodum
1478 3807 1787 3892 dilatationem
1820 3811 1952 3915 hujus
1976 3811 2178 3894 caritatis
2195 3815 2324 3918 adju·

539 3950 651 4026 vent
685 3956 773 4044 (ator
801 3955 1089 4042 introductorios
1124 3955 1185 4040 ια)
1220 3938 1305 4019 hoo
1356 3936 1449 4048 ipso
1497 3943 1644 4046 partes
1678 3933 1770 4015 illae
1819 3935 1903 4016 vix
1938 3937 2181 4046 quidquam
2216 3967 2323 4024 con·

541 4064 697 4150 ferunt
729 4065 786 4145 ad
818 4065 1177 4172 antevertendas‚
1225 4063 1299 4145 vel
1350 4063 1653 4143 tantummodo
1693 4059 2004 4146 diminuendas
2044 4065 2207 4148 noxias
2259 4091 2322 4150 se·

545 4191 709 4302 quelaa.
742 4185 818 4271 Aa
851 4188 936 4270 hoc
970 4187 1061 4300 ipsa
1094 4199 1269 4290 naturae
1302 4186 1368 4270 vis
1401 4184 1672 4270 medicatrix
1713 4211 1839 4269 suum
1876 4199 1984 4270 tunc
2018 4185 2092 4273 hic
2141 4193 2322 4276 medico

541 4342 670 4430 opem
720 4339 936 4422 earumque
986 4311 1222 4426 inl'luxum
1256 4316 1465 4420 denegat3
1516 4311 1638 4395 nisus
1672 4311 1792 4397 enim
1845 4311 2104 4400 formativae
2137 4303 2324 4431 propor-

545 4443 673 4526 tione
706 4439 928 4523 contraria
979 4440 1135 4524 evenit
1169 4467 1269 4522 cum
1317 4447 1450 4522 aetate
1498 4431 1703 4522 adultae>
1735 4436 2143 4546 Inde'dijudicare
2193 4445 2323 4554 licet,

543 4565 795 4682 periculum
827 4565 1066 4648 vulnerum
1099 4566 1147 4648 in
1183 4574 1316 4647 aetate
1349 4560 1516 4675 puerili
1549 4573 1596 4646 et
1628 4563 1762 4648 senili
1794 4564 1923 4650 asuis
1941 4569 2160 4677 utrinque
2178 4571 2324 4656 causis

544 4695 761 4808 pendere3
815 4717 839 4774 e
890 4717 977 4798 qua
1010 4701 1160 4808 autem
1208 4690 1307 4804 plus
1354 4687 1548 4802 periculi
1596 4694 1887 4774 metuendum
1927 4693 2000 4802 sit,
2033 4695 2153 4779 nihil
2204 4697 2325 4783 certi

540 4817 770 4904 all'irmare
803 4841 1039 4938 possumus.

541 4989 595 5076 m)
620 4991 705 5052 Aur.
734 4989 813 5052 cor.
842 4985 943 5048 cna
968 4980 1015 5046 de
1040 4981 1215 5048 Medicina
1240 4984 1311 5046 Lm.
1340 4999 1438 5046 cero.
1469 4985 1520 5046 8⁰.
1547 4978 1693 5046 Amstel.
1726 4983 1831 5067 ¹7¹5·
1859 5003 1894 5070 p.
1928 4989 2009 5064 284
2053 4987 2071 5074 §
2100 4989 2133 5054 6.
2163 4995 2234 5074 „ln
2261 5009 2328 5076 ge.

620 5093 704 5154 nere
731 5083 875 5150 facilius
900 5082 1052 5148 sanescit
1077 5101 1296 5162 monoceros,
1326 5100 1432 5170 quam
1458 5087 1616 5150 emron.“

542 5193 580 5278 n)
610 5195 767 5257 Isaeum.
795 5184 883 5253 Dias.
911 5179 959 5266 de
983 5183 1238 5250 morbis-nisus
1263 5181 1454 5252 formativi.
1485 5189 1534 5252 8⁰.
1562 5165 1706 5272 Dor'pat
1741 5187 1846 5252 1815.
1874 5207 1909 5274 p.
1931 5193 1986 5256 ιδ.
2016 5191 2034 5278 §
2062 5195 2098 5278 5,
2124 5195 2162 5260 5.
