4942 6048
2161 193 2269 292 's

1340 373 1422 518 ⁸aa
1510 423 1538 540 ,·

460 669 465 680 ’
510 655 654 754 solum
686 689 794 750 vero
827 663 927 747 haee
958 661 1235 776 compositio,
1266 663 1344 747 sed
1376 687 1478 748 usus
1510 659 1645 748 etiam
1676 661 1774 748 eius
1821 655 2185 746 conditionibus·
2216 663 2291 746 ad·

511 795 690 880 strictus
720 791 918 906 pretium
950 788 1238 875 instrumenti
1272 789 1534 874 diminuunt
1549 819 1564 897 3
1598 789 1784 896 etenim,
1816 785 1940 896 sieo,
1958 815 2048 898 quo
2080 789 2204 874 illata
2221 777 2322 874 est'

511 899 650 1028 laesio,
684 921 783 1004 loeo
817 883 935 1032 cosia
983 913 1203 1033 perfracta
1250 913 1307 1000 sit
1341 925 1389 1000 et
1415 909 1690 1026 fragmenta,
1740 941 1843 1025 quae
1891 913 2164 1026 prominent,
2214 915 2309 1026 vel,

511 1057 609 1130 arte
642 1055 971 1150 removeantur,
1004 1043 1079 1128 vel
1110 1033 1338 1156 proximas
1367 1052 1515 1156 partes
1545 1050 1748 1155 pungant
1779 1050 1916 1150 atque
1966 1040 2165 1150 irritent,
2198 1042 2288 1126 hoo

512 1171 860 1256 instrumentum
892 1195 1175 1280 nequaquam
1207 1177 1358 1281 aptum
1392 1179 1458 1253 est
1490 1173 1549 1254 ad
1578 1167 1786 1252 arteriam
1820 1167 2206 1279 comprimendam.

578 1303 627 1380 6⁰
670 1295 925 1384 simmam
936 1289 964 1364 ²)
996 1319 1250 1384 massonus.
1289 1291 1546 1380 Secundum
1578 1291 1716 1407 periti
1733 1293 1865 1398 hujus
1884 1293 2087 1402 chirurgi
2115 1293 2287 1406 opinio-

507 1429 615 1506 'nem
649 1426 706 1506 ad
737 1420 1115 1532 haemorrhagian
1148 1446 1174 1504 e
1208 1423 1323 1506 laesi
1341 1419 1633 1526 intercostali
1674 1419 1839 1503 arteris
1888 1418 2142 1526 sistendam,
2190 1419 2285 1505 sim·

510 1550 626 1662 plex
663 1535 964 1634 tantummo'do
1001 1550 1196 1632 turunda
1229 1545 1417 1654 suflicit,
1451 1575 1582 1657 quam
1615 1544 1747 1629 l'irmo
1779 1545 1863 1627 l'ilo
1895 1572 2120 1629 annexam
2164 1546 2286 1630 inter

493 1685 748 1786 utramque
782 1686 944 1761 eostam
977 1671 1155 1780 inferri,
1183 1675 1262 1792 ‚vel
1295 1673 1429 1758 etiarn
1461 1675 1596 1787 plane
1629 1673 1679 1756 in
1712 1671 1906 1787 pectoris
1924 1673 2157 1758 cavitatem
2192 1671 2286 1755 illa·

514 1810 600 1904 tam
634 1825 699 1886 ex
731 1800 822 1886 imo
854 1805 912 1884 ad
945 1811 1093 1884 extus
1114 1799 1320 1912 protrahi
1355 1801 1560 1907 sinamus,
1594 1797 1723 1880 iilum
1745 1805 2021 1911 protractum
2040 1797 2091 1880 in
2111 1797 2285 1907 integu-

509 1927 673 2012 mentis
690 1927 998 2012 communibus
1014 1926 1261 2036 glutinanti
1286 1928 1517 2040 emplastro
1550 1923 1769 2009 firmatur.
1805 1921 1854 2010 si
1871 1950 1959 2008 una
1980 1928 2173 2008 turunda
2190 1949 2285 2008 non

510 2051 699 2160 suflicit,
733 2053 888 2164 altera,
920 2052 995 2136 vel
1026 2052 1177 2164 plures
1192 2053 1326 2158 juxta
1343 2079 1437 2136 eam
1452 2061 1702 2164 ponuntur,
1720 2053 1866 2134 donec
1882 2048 2153 2137 necessarius
2173 2077 2286 2136 com·

379 2193 384 2202 '
507 2179 747 2292 pressionis
780 2183 939 2288 gradus
973 2187 1287 2286 consequatur.
1304 2177 1512 2264 Bmounn
1528 2179 1572 2261 dr
1589 2169 1839 2262 Dasauw)
1872 2175 1988 2260 hano
2004 2176 2282 2286 methodum,

510 2331 600 2414 qua
633 2303 949 2419 simplissimam
982 2311 1030 2389 et
1061 2306 1119 2388 ad
1136 2329 1261 2388 usum
1277 2302 1540 2417 aptissimam
1573 2301 1700 2411 sequi
1718 2303 1923 2410 suadent,
1948 2327 2079 2412 quam
2103 2327 2285 2413 quoque

509 2425 752 2518 honorae)
788 2429 998 2542 optimam
1031 2454 1123 2512 esse
1155 2429 1340 2536 judicat.
1523 2517 1527 2526 ,
2157 2513 2163 2526 ,

576 2571 620 2660 7⁰
655 2553 906 2643 umanum)
938 2555 1133 2640 medium
1168 2556 1374 2663 quadrati
1408 2555 1543 2639 lintei
1567 2553 1812 2668 compositi,
1830 2553 2033 2662 dilatato,
2067 2565 2285 2664 quantum

508 2705 617 2798 opus
650 2690 762 2788 erat,
796 2681 977 2766 vulneri
1011 2682 1258 2794 imponere,
1291 2681 1482 2766 linteum
1518 2681 1807 2796 compositum
1840 2680 1890 2765 in
1906 2679 2100 2794 pectoris
2125 2682 2284 2766 cavita-

509 2817 599 2894 tem
636 2811 905 2922 protrudere
939 2816 986 2892 et
1018 2807 1081 2892 sic
1113 2805 1348 2892 lormatum
1364 2791 1630 2922 mirsupium
1647 2807 1792 2916 linteo
1809 2815 1961 2920 carpto
1986 2818 2033 2892 et
2049 2817 2191 2922 stupa,
2209 2807 2284 2893 vel

507 2931 741 3043 similibus,
774 2931 833 3052 (e.
866 2959 907 3044 g.
941 2927 1094 3052 arena)
1127 2933 1350 3046 complere
1382 2933 1579 3049 praefert.
1596 2931 1698 3018 Hoc
1715 2939 1845 3018 modo
1870 2923 2101 3019 coniectus
2122 2933 2284 3047 pulvil-

506 3061 590 3168 lus,
624 3059 707 3172 qui
738 3059 930 3144 vulnere
962 3059 1102 3168 major
1134 3084 1225 3146 esse
1259 3063 1412 3168 debet,
1443 3087 1527 3175 per
1557 3059 1723 3147 medias
1756 3065 1893 3144 cosme
1914 3049 2192 3168 transfertur,
2216 3059 2282 3142 in·

508 3197 629 3273 terea
661 3213 769 3272 vero
801 3173 944 3272 lintei
968 3211 1083 3300 pars,
1115 3195 1251 3271 extra
1282 3187 1444 3272 vulnus
1477 3187 1750 3301 prominens,
1772 3211 1966 3294 eousque
1984 3183 2183 3268 volvitur
2201 3186 2284 3302 cir-

506 3339 559 3398 ea
590 3338 726 3396 axem
757 3337 899 3419 suum,
932 3315 1078 3396 donec
1118 3337 1265 3398 saccata
1303 3311 1552 3418 claudatur3
1593 3312 1674 3422 qui
1716 3319 1826 3394 tunc
1876 3309 2024 3394 l‘asciaa
2063 3313 2283 3422 pectorali

506 3439 663 3525 stricte
695 3435 958 3550 imponitur,
991 3446 1045 3519 ut
1076 3435 1305 3550 pulvillus,
1335 3463 1418 3551 pro
1454 3447 1670 3549 tarnpone·
1693 3435 1906 3545 serviens,
1931 3435 2068 3543 ,laesae
2100 3436 2282 3522 arteriae

507 3564 738 3679 impressus
771 3561 1064 3666 continenter
1095 3561 1162 3646 ibi
1195 3573 1464 3674 permaneat.
1597 3661 1606 3680 Ι
1826 3638 1830 3646 ,
2073 3597 2076 3610 ·

570 3681 782 3794 ernost),
814 3684 1049 3771 trunam)
1082 3697 1130 3773 et
1161 3678 1230 3772 cl.''
1249 3683 1543 3775 Academicus
1559 3689 1640 3774 Dr.
1656 3687 1820 3800 Buscn,
1852 3693 2133 3776 venerandus
2157 3709 2311 3779 meus·

506 3824 772 3932 praeceptor,
789 3825 925 3924 atque
945 3813 1128 3898 intimus
1152 3813 1331 3924 amicus,
1373 3836 1425 3923 (tn
1450 3841 1652 3906 turrmurrr'r
1676 3841 1742 3904 nes
1768 3838 1970 3928 trutannus)
2004 3818 2120 3900 hanc
2142 3818 2311 3933 ipsam}

504 3946 767 4030 methodum
800 3943 1126 4030 commendant.
1139 3991 1200 4010 -

1326 4107 1351 4222 S
1385 4107 1459 4226 ⁶7·

568 4271 667 4358 Hac
701 4270 924 4358 indirecta
955 4273 1163 4384 ligatura,
1194 4268 1287 4356 filis
1301 4295 1462 4386 nempe
1480 4269 1647 4356 circum
1665 4279 1803 4358 costas
1820 4253 1968 4358 ductis
1990 4273 2278 4384 consistente,

503 4399 591 4510 jam
625 4401 675 4484 in
706 4401 868 4514 prioris
900 4401 1044 4486 classis
1076 4399 1387 4528 methodorum
1419 4399 1750 4512 disqrnsitione,
1788 4427 1872 4516 pro
1911 4400 2087 4490 incerta
2124 4399 2323 4516 atque,'

504 4721 542 4810 a)
570 4723 749 4790 Smrmn.
775 4721 798 4788 l.
826 4743 856 4788 c.
884 4727 924 4792 Τ.
953 4723 1161 4808 Ilpa-²18.

503 4823 542 4912 a)
569 4825 734 4890 Dasium.
762 4821 924 4912 cliniqne
951 4833 1108 4890 externe.
1136 4821 1159 4888 l
1187 4841 1218 4888 c.
1245 4823 1287 4888 Τ.
1313 4824 1340 4886 1.
1369 4841 1403 4910 p.
1424 4823 1509 4910 549.
1632 4831 1634 4838 ’

504 4921 546 5012 b)
573 4927 735 4992 chnrm.
764 4923 1081 5011 annuntiando
1106 4924 1171 4992 der
1196 4921 1563 5012 Wunderzneykunst
1595 4919 1622 4994 l.
1647 4939 1679 4990 c.

411 5011 415 5026 ’
501 5027 541 5114 c)
567 5030 726 5094 ceorlas
752 5033 782 5098 dr
808 5032 974 5096 nauum.
1002 5025 1025 5094 l.
1053 5049 1083 5096 c.
1110 5031 1246 5118 ptiar.
1272 5059 1311 5076 -
1334 5031 1501 5099 nnuma.
1529 5025 1694 5118 clinique
1719 5033 1869 5098 externe
1892 5025 1935 5098 Τ.
1961 5029 1989 5096 l.
2016 5047 2052 5120 p.
2071 5028 2155 5118 549.

502 5125 544 5212 d)
572 5133 706 5196 hesua.
735 5125 760 5195 l.
786 5149 817 5196 c.
843 5149 1011 5221 p..149.·

502 5231 541 5320 ι)
567 5235 714 5302 mur.
745 5229 770 5303 l.
797 5250 828 5302 c.
854 5235 956 5304 Tem.
982 5236 1026 5302 11.
1056 5231 1189 5323 (¹⁸¹9)
1215 5251 1251 5320 p.
1277 5248 1357 5322 194.
