4938 6054
1380 396 1469 484 rat

526 667 741 764 lactura,
772 646 857 738 ubi
887 639 1048 729 ossium
1081 629 1412 722 extremitates
1431 623 1557 708 intus
1588 627 1957 729 retrocesserunt,
1987 621 2108 730 quod
2125 619 2174 702 in
2191 645 2305 706 com.

528 787 772 910 plicatione
803 767 1143 893 penetrantium
1174 771 1333 877 pectus
1365 753 1607 838 vulnerum
1639 748 1846 832 accidere
1878 748 2005 855 solet,
2041 775 2133 830 uon
2181 747 2302 832 locus
2450 791 2451 794 ι

528 919 741 1004 tracturae
770 901 1009 1024 premitur,
1041 905 1096 978 ιιι
1125 915 1210 1007 per
1242 914 1288 972 se
1320 891 1462 998 patet,
1508 883 1588 966 sed
1635 903 1743 960 cura
1774 875 2016 958 adhibetur
2045 871 2302 984 fragmento·

527 1073 628 1129 rum
661 1033 976 1126 extremitates
1006 1031 1263 1109 extrorsum
1312 1013 1508 1114 elevare,
1557 1005 1623 1090 ita
1655 1003 1855 1113 qrridem,
1889 1014 1940 1090 ut
1971 1027 2102 1116 snper
2149 1011 2296 1086 entre.

528 1174 706 1258 mitates
738 1159 952 1250 eternales
984 1156 1031 1237 u
1061 1143 1337 1235 vertebrales
1368 1147 1589 1222 costarum
1620 1133 1763 1216 lintea
1812 1129 2025 1241 gradatim
2072 1129 2303 1242 composita

530 1305 774 1416 ponantur,
806 1299 960 1396 atque,
991 1289 1047 1362 ut
1078 1285 1186 1360 ante
1218 1273 1394 1358 dictum
1425 1275 1508 1373 est,
1542 1261 1675 1347 [ascia
1709 1258 1912 1367 (ruamus
1944 1285 2041 1340 cum
2074 1253 2301 1377 scapulari)

531 1429 790 1536 alligantur.
824 1412 875 1501 Si
906 1413 1007 1494 baec
1039 1401 1258 1512 deligatis
1290 1423 1386 1481 uon
1418 1389 1610 1496 sufficit,
1644 1397 1697 1471 ut
1729 1399 1875 1472 costae
1906 1385 2030 1469 inter
2061 1383 2303 1496 inspiratio·

531 1583 637 1641 nem
686 1541 935 1632 immobiles
979 1533 1098 1618 fiant
1130 1541 1179 1614 et
1210 1528 1336 1611 inter
1367 1519 1708 1636 respirationem
1743 1515 1938 1598 sentitur
1969 1513 2097 1596 dolor
2129 1510 2175 1592 in
2200 1506 2305 1596 frac-

537 1695 652 1768 turae
684 1677 801 1780 loco,
833 1695 916 1783 pro
949 1662 1083 1748 uscia
1115 1653 1333 1771 scapulari
1364 1650 1610 1736 adhibetur
1653 1642 1883 1754 qrradriga
1899 1639 1989 1724 Hic
2022 1639 2304 1748 deligatorius
2450 1679 2451 1688 ι

532 1813 767 1924 apparatus
796 1795 926 1882 nulla
957 1797 1152 1900 urgente
1182 1781 1480 1886 indicatione,
1511 1802 1608 1858 non
1639 1783 1747 1855 ante
1780 1796 1911 1880 quam
1942 1770 2111 1852 duabus
2140 1777 2214 1849 aut
2233 1768 2306 1850 tri·

532 1941 617 2020 bus
649 1921 1005 2016 hebdomadibus
1039 1913 1198 2028 elapsis
1231 1909 1445 2014 demitur,
1478 1903 1561 1986 ubi
1608 1911 1707 2016 post
1755 1897 2008 2007 generalem
2055 1903 2305 2007 symptomp.

380 2094 387 2104 “
537 2078 632 2148 tum
666 2051 998 2154 tractationem,
1037 2040 1220 2130 coalitio
1262 2033 1586 2155 pertractarum
1634 2024 1975 2113 extremitatum
2023 2020 2178 2107 ossium
2224 2020 2306 2105 iam

534 2197 718 2306 peracta
749 2207 843 2269 esse
874 2177 1002 2271 solet.

1312 2331 1370 2444 ·§
1413 2333 1518 2414 130.

569 2516 692 2640 .[50j
727 2513 1064 2630 symptomata,
1113 2529 1219 2616 quae
1271 2506 1552 2584 ocustarum
1599 2489 1797 2575 fractura
1842 2485 2070 2604 proveniri
2116 2495 2307 2602 possunt,

538 2657 646 2739 sunt
678 2642 930 2756 sequeutia:
1254 2704 1259 2712 .

430 2825 437 2838 ·
502 2847 507 2854 .
603 2773 647 2895 a]
681 2793 997 2858 turmmmo
1044 2760 1218 2877 pleurae
1251 2763 1299 2840 et
1337 2749 1615 2868 pulmonum,
1664 2773 1769 2858 quas
1816 2746 2057 2829 amovenda
2089 2727 2153 2827 est
2183 2735 2319 2832 iuxn

539 2903 731 3014 regulas,
766 2925 873 3011 quas
906 2897 958 2980 in
1006 2887 1154 3004 capite
1187 2889 1247 2971 de
1278 2881 1542 2998 pulmonum
1589 2875 1856 2960 vulneribus
1887 2873 1938 2956 iu
1969 2875 2186 2985 posterum
2233 2895 2309 2952 ex·

540 3027 735 3150 posituri
768 3052 928 3114 sumus.

605 3195 655 3317 b)
689 3195 1000 3298 Euenrsm,
1033 3186 1159 3296 quod
1192 3179 1476 3264 tractandum
1509 3185 1578 3258 est
1607 3173 1853 3258 secundum
1887 3163 2119 3280 principia,
2135 3191 2235 3272 quse
2252 3189 2311 3248 se·

543 3324 709 3438 quenti
743 3322 889 3436 eapite
923 3335 982 3425 (tt
1015 3329 1218 3414 raa-145)
1253 3307 1305 3390 iu
1338 3301 1543 3388 uberiori
1574 3299 1709 3384 buius
1724 3293 2027 3410 symptomatis
2049 3291 2306 3404 disqrrisitio-

545 3479 606 3539 ne
639 3478 665 3535 a
697 3450 827 3534 nobis
861 3442 1105 3558 explanata
1137 3444 1257 3520 sunt.

611 3575 655 3698 c)
690 3577 852 3662 Laeuo
886 3589 1130 3658 aemulan
1162 3583 1510 3664 mruucosrnms,
1541 3559 1601 3640 de
1635 3554 1763 3662 cujus
1793 3548 2006 3634 medendi
2038 3545 2204 3632 ratione
2230 3545 2312 3630 iam

550 3732 680 3819 supra
713 3725 770 3814 (st
800 3719 951 3807 stt-72)
1012 3717 1154 3779 sermo
1187 3687 1368 3772 habitus
1400 3697 1450 3770 et
1480 3685 1684 3793 denique

513 3879 520 3890 ·
612 3829 662 3950 d)
697 3827 1048 3912 nxrnnvasario
1087 3841 1307 3903 ceraunus
1339 3841 1381 3896 ru
1415 3837 1629 3897 ruccone
1685 3821 1837 3912 osvo.
1870 3809 1928 3890 de
1962 3833 2047 3915 qua
2080 3803 2128 3886 in
2159 3825 2314 3916 praeee·

439 3994 485 4020 .-
551 3956 680 4043 denti
711 3951 860 4082 'capite
903 3967 961 4056 (ss
989 3968 1185 4054 76-121)
1220 3941 1386 4049 lusius,¹
1410 3941 1464 4024 iu
1496 3947 1715 4051 quantum
1746 3932 2039 4020 necessarium
2070 3931 2312 4036 videbatur,

553 4086 735 4195 egimus.

1361 4235 1389 4351 S
1426 4240 1530 4322 131.

620 4409 707 4528 (4⁰)
742 4409 847 4512 Quo
878 4400 1013 4515 magis
1044 4401 1276 4519 possibiles
1306 4399 1520 4488 fracturae
1552 4409 1769 4484 eostaurm
1786 4392 1995 4507 sequelae,
2012 4389 2206 4506 inprimis
2220 4415 2316 4473 cum
2450 4385 2451 4400 '

556 4541 728 4622 iactura
761 4535 897 4647 partis
928 4532 1032 4618 ossis
1073 4534 1208 4639 liujus
1257 4541 1306 4616 et
1355 4529 1558 4616 mollium
1606 4526 1827 4642 partium‚‘
1863 4525 2117 4639 pulmonum
2162 4543 2317 4630 nempe

557 4665 784 4780 prolapsus
815 4660 1071 4743 coniunctae
1101 4670 1457 4775 praecaveantur,
1489 4655 1748 4742 adhibenda
1788 4664 1855 4738 est
1902 4651 2145 4760 methodus,
2191 4673 2318 4758 quam
2450 4669 2451 4680 ¹

559 4797 619 4878 de
650 4789 907 4906 pulmonum
939 4788 1147 4903 prolapsu
1194 4807 1256 4898 (ςς
1288 4807 1487 4894 rso-roo)
1520 4783 1791 4870 disserentes
1821 4799 2127 4897 proponemus.

1370 4953 1397 5068 S
1435 4957 1537 5038 132.

627 5117 1011 5226 Quemadmodum
1043 5115 1094 5199 in
1124 5119 1471 5234 penetrantibus
1517 5115 1710 5231 pectoris
1759 5112 2020 5200 vulneribus
2066 5109 2115 5192 in
2163 5131 2325 5219 genere

566 5271 851 5367 quaecuuque
883 5245 1122 5392 vehemens
1152 5246 1368 5360 intensio,
1400 5245 1606 5362 inprimis
1636 5245 1847 5362 pectoris,
1894 5243 2132 5330 amovenda
2161 5249 2207 5324 et
2236 5237 2330 5350 ple·
