4942 6048
1023 434 1078 518 tr

161 655 247 745 sibi
281 657 511 770 cognitum
544 657 737 742 reddere
754 675 878 769 posse
886 648 929 744 “).
956 653 1339 746 Extravasatione
1373 661 1423 746 in
1459 667 1656 755 thorace·
1674 683 1720 758 et
1754 680 1937 788 quidem

160 785 213 872 in
244 787 428 899 pleurae
482 783 615 870 saccis
647 781 912 866 nominatim
946 774 1194 892 eristente,
1227 814 1383 896 magna
1415 790 1563 878 locum
1594 798 1730 887 habet
1764 812 1938 894 commi·

78 948 81 954 ·
160 913 310 1019 nutio,
343 913 435 996 sive
468 911 604 1026 plena
635 908 836 1024 absentia
869 937 1002 995 sonus
1035 912 1590 1028 respiratorii-apparitio
1624 935 1672 1009 et
1705 932 1937 1021 extinctio

161 1065 455 1146 adornamus,
489 1067 592 1148 quae
627 1061 981 1142 rucrouuooum
1015 1038 1342 1123 cnevaonauru
1375 1043 1516 1131 audit.
1535 1045 1660 1164 (Quo
1684 1069 1831 1142 autem
1856 1065 1939 1148 sub

160 1153 354 1248 nomine·
378 1169 498 1282 apud
532 1167 807 1248 Lauuruoura
839 1165 924 1246 hoc
945 1159 1300 1277 phaenomenon
1333 1156 1484 1275 venit,
1519 1197 1545 1256 e
1579 1179 1701 1284 gravi
1736 1188 1855 1272 vocis
1889 1161 1940 1272 in
2006 1219 2012 1232 “

161 1292 375 1404 cylindro
400 1290 655 1376 resonantia
688 1298 861 1374 constat
894 1289 977 1372 ubi
1013 1301 1160 1374 tamen
1194 1319 1292 1376 raro
1326 1322 1422 1378 vox
1456 1297 1504 1381 in
1555 1305 1816 1413 cylindrum
1864 1342 1939 1428 pe·

159 1429 341 1503 netrare
376 1427 423 1502 et
445 1444 686 1528 ¹nunquam
720 1429 785 1502 sat
817 1415 1031 1500 distincte
1068 1405 1255 1502 transire
1306 1419 1524 1539 videtur.)
1572 1425 1739 1518 Variae
1779 1439 1940 1524 horum

162 1544 390 1655 signorum
437 1543 797 1630 modificationes
837 1543 1043 1626 indicant
1094 1547 1278 1653 gradum
1328 1553 1711 1646 extravasationis.
1765 1560 1941 1652 Stheto.
2068 1584 2077 1646 .‘

160 1697 356 1786 scopus,
397 1698 487 1756 una
521 1699 621 1756 oum
666 1697 742 1756 sua
792 1667 1196 1754 infundibiliformi
1247 1677 1540 1761 extremitate
1591 1683 1698 1766 salvi
1748 1689 1940 1778 hominis
2027 1692 2036 1706 ’
2133 1663 2137 1670 ’

115 1811 122 1816 “
162 1800 340 1910 pectori
388 1795 632 1913 impositus,
663 1787 799 1880 *inte‘r
831 1795 1138 1910 respirationis
1171 1808 1318 1880 actum
1351 1827 1520 1909 rursu,
1554 1811 1631 1890 sed
1680 1815 1810 1910 valde
1860 1821 1943 1904 cla-

95 2001 103 2014 ,
162 1951 263 2006 rum
297 1947 436 2010 sonum
454 1926 567 2009 ‘edit
600 1925 683 2042 (un
716 1949 942 2008 murmure
974 1923 1116 2031 leger,
1151 1923 1257 2009 mais
1275 1929 1611 2034 extremement
1629 1935 1943 2061 distinotve·

161 2075 212 2133 ra
246 2050 416 2135 indicia
448 2041 825 2166 suppeditantem,
854 2058 993 2170 prout
1023 2051 1100 2130 aer
1131 2048 1255 2136 intus
1289 2063 1336 2137 et
1369 2063 1503 2139 extra
1536 2061 1824 2154 substantiam
1847 2072 1944 2187 pul·

162 2202 344 2261 monum
377 2174 537 2265 fertur.
702 2175 708 2182 ’
1665 2223 1671 2228 ·
1722 2225 1734 2234 ·

226 2299 289 2422 Ε)
320 2299 400 2394 Ad
431 2303 638 2387 ultimum
670 2302 829 2386 docuit
859 2299 1098 2391 Venustus
1126 2321 1333 2410 (tractantes
1358 2331 1507 2415 c'rtttqaa
1534 2353 1590 2398 sur
1614 2333 1648 2401 lo
1677 2336 1849 2432 chirurgia
1876 2369 1944 2414 mo·

164 2451 260 2516 tune
285 2459 343 2517 erc.
373 2453 406 2514 s.
436 2451 541 2517 Paris.
577 2422 737 2536 1772)‘¹)·
762 2454 844 2541 pro
879 2429 1122 2512 certissimo
1155 2435 1203 2554 et
1235 2427 1422 2513 minime
1454 2427 1604 2519 fallaci
1621 2436 1747 2545 signo
1772 2449 1946 2558 sangui·

164 2553 234 2638 nis
282 2551 333 2637 in
366 2557 549 2668 pectore
584 2553 956 2664 extravasationis
988 2553 1147 2637 haberi
1177 2563 1319 2666 posse,
1373 2561 1597 2664 quandam
1623 2589 1943 2683 ‘uccuruosnu

164 2706 267 2788 quae
300 2680 566 2792 plerumque
602 2681 733 2766 tertia
766 2691 863 2793 post
896 2678 1213 2766 sauciationem
1246 2678 1323 2764 die
1357 2706 1527 2795 semper
1543 2677 1615 2804 (i)
1634 2695 1691 2774 ad
1713 2694 1844 2803 latus,
1862 2702 1944 2786 ubi

165 2806 467 2893 extravasatio
499 2806 704 2915 obvenit,
736 2810 793 2891 ad
827 2805 1072 2919 spuriauun
1107 2813 1324 2888 costarum
1375 2811 1604 2897 vertebras
1655 2833 1840 2932 apparet
1897 2837 1948 2910 et

166 2957 257 3018 sese
290 2937 349 3016 ad
379 2934 624 3020 musculmn
659 2929 934 3042 quadratum
956 2932 1207 3014 lumborum
1239 2957 1382 3040 usque
1423 2944 1695 3051 extendens,
1743 2973 1860 3062 saepe
1892 2950 1946 3038 in
2081 3021 2083 3026 ,

166 3058 354 3144 musculi
387 3060 519 3166 hujus
552 3057 811 3172 superficie,
842 3056 1018 3166 coloris¹
1034 3056 1224 3140 violacei
1259 3059 1557 3174 conspicitur,
1591 3070 1744 3176 quales
1761 3098 1828 3158 eae
1860 3105 1946 3165 ma·

126 3197 127 3200 ‘
167 3185 282 3269 culae
316 3195 437 3292 sunt,
469 3211 572 3292 quae
606 3184 734 3268 brevi
766 3194 865 3296 post
898 3191 1085 3266 mortem
1117 3182 1168 3264 in
1200 3182 1439 3269 abdomine
1472 3187 1678 3278 defuncti
1695 3202 1946 3312 deprehen-

166 3317 352 3399 duntur.
382 3309 487 3394 Tali
505 3309 805 3426 descriptione
822 3306 956 3394 facile
987 3307 1064 3392 hic
1098 3319 1432 3394 commemorata
1473 3318 1747 3428 ecchymosis
1779 3331 1835 3412 ab
1869 3330 1947 3420 illa

168 3437 482 3548 distinguitur,
517 3465 619 3546 quae
653 3429 784 3519 brevi
815 3445 915 3548 post
948 3439 1236 3544 quorundum
1269 3461 1470 3520 vasorum
1503 3439 1732 3532 laesionem
1754 3479 1838 3564 per
1855 3482 1947 3544 san.
2075 3481 2078 3488 ·

167 3563 316 3673 guinis
350 3563 782 3682 infiltrationem'in
816 3561 924 3644 tella
956 3560 1167 3645 cellulosa
1200 3557 1400 3668 founata,
1435 3591 1499 3650 ex
1533 3566 1628 3681 ipso
1652 3577 1842 3668 vulnere
1862 3586 1948 3670 ori.
2000 3609 2003 3618 ’

167 3689 317 3802 ginem
350 3690 478 3793 ducit
510 3700 558 3776 et
588 3689 854 3802 plerumque
887 3686 1019 3792 hujus
1052 3685 1266 3770 ambitum
1298 3714 1404 3788 non⁴
1427 3697 1672 3806 excedens,
1704 3709 1947 3824 mvmripsa

169 3816 345 3922 coloris,
377 3844 402 3900 a
436 3817 699 3928 quibusdam
731 3811 997 3900 rubicundis
1028 3811 1303 3930 punctioulis
1337 3813 1688 3912 circumdatur(

168 4131 205 4220 t)
232 4135 402 4196 Lanmccr
440 4145 691 4194 memoremus
733 4135 788 4193 est
827 4124 967 4211 ligneus
1013 4120 1188 4210 cylinder‚
1229 4143 1337 4191 unum
1362 4125 1494 4214 pedem
1534 4131 1581 4200 ad
1612 4133 1870 4223 longitudinem
1909 4163 1945 4218 et

236 4241 307 4298 tres
332 4231 481 4319 parisias
507 4227 618 4296 lineam
644 4231 681 4294 in
706 4228 863 4294 interiori
890 4227 1063 4295 diametro
1090 4228 1282 4293 continens.
1310 4231 1389 4294 Una
1416 4229 1492 4316 ejus
1521 4241 1735 4326 extremitas,
1764 4246 1802 4310 in
1827 4243 1945 4339 sesqui

234 4331 383 4424 pollicis
408 4342 596 4420 protracta,
626 4329 697 4395 fert
721 4349 798 4418 prae
825 4349 863 4404 se
891 4330 1047 4418 speciem
1074 4326 1287 4414 infundibili.
1315 4334 1389 4399 Hac
1416 4339 1638 4422 extremitate
1670 4343 1857 4416 instructus
1884 4373 1945 4442 cy.

237 4432 353 4502 linder
379 4431 542 4500 adhiberi
568 4429 661 4499 solet
686 4431 731 4496 ad
758 4434 857 4518 signa
869 4433 1112 4520 respirationis
1137 4430 1399 4520 perscrutanda,
1429 4433 1553 4502 sicad
1580 4452 1714 4510 motum
1748 4430 1875 4520 cordis
1894 4457 1945 4524 in.

237 4535 448 4626 dagandum3
477 4554 547 4625 ope
587 4533 757 4600 clausulae
801 4541 982 4622 torquetur
1021 4536 1128 4599 instar
1155 4532 1317 4600 cochleae
1344 4532 1390 4600 ad
1418 4527 1623 4609 firmitatem
1661 4567 1784 4636 usque,
1820 4555 1879 4642 ita,
1908 4568 1946 4624 ua

236 4639 378 4708 demum
403 4659 528 4707 verum
554 4635 753 4725 cylindrum
779 4635 928 4702 efficiat
1024 4657 1026 4663 ·
1481 4631 1484 4640 ’
1559 4683 1567 4694 ·

210 4758 217 4766 ·
299 4745 436 4810 Gnaarr
463 4763 504 4806 ur
530 4745 718 4824 Wurnm,
746 4743 865 4808 Neues
891 4737 1032 4804 lournal
1064 4735 1124 4807 fiir
1149 4735 1332 4826 Chirurgie
1359 4738 1431 4806 und
1456 4743 1785 4830 Augenheilkunde.
1804 4761 1855 4826 8⁰.
1881 4765 1946 4830 Be.

235 4841 337 4911 rolin.
373 4849 479 4910 1820.
508 4845 548 4908 T.
565 4847 589 4908 l.
617 4847 710 4908 Fasc.
726 4847 769 4908 11.
797 4862 832 4932 p.
850 4843 1033 4928 558-379
1060 4841 1266 4930 propiorem
1292 4837 1397 4928 hujus
1423 4828 1639 4918 instrumenti
1672 4853 1944 4948 descriptionem

237 4955 275 5014 et
302 4947 490 5030 imaginem
517 4944 621 5012 nobis
645 4952 935 5031 procuraverunt

302 5050 577 5128 Pacroumoounr
604 5055 658 5111 est
682 5043 818 5132 aliquid
845 5065 952 5110 rauco
980 5043 1168 5132 trepidanti
1195 5065 1283 5114 sono
1316 5045 1434 5118 simile
1472 5069 1493 5119 e
1519 5052 1683 5141 cylindro
1722 5063 1944 5156 procedenti,

237 5146 381 5236 quando
408 5146 470 5214 ille
496 5147 694 5235 inlarynge
721 5145 811 5212 salvi
837 5143 991 5213 hominis
1016 5146 1225 5232 collocetur,
1253 5144 1313 5212 hic
1339 5169 1427 5217 vero
1453 5149 1589 5242 aliquid
1615 5156 1714 5246 loqui
1738 5163 1892 5256 incipiat

175 5247 410 5340 Qchrnrm
434 5248 524 5318 Bibl.
552 5247 704 5337 chirurg.
732 5251 772 5316 Τ.
787 5253 831 5316 11.
857 5253 932 5316 Fas.
966 5271 997 5316 a.
1024 5269 1060 5338 p.
1077 5253 1221 5317 tra-La
1246 5253 1368 5321 nuuc.
1396 5273 1429 5323 r..
1456 5273 1486 5320 c.
1513 5275 1548 5344 p.
1568 5279 1651 5346 ¹77·
1725 5273 1734 5280 ·

1826 5393 1879 5456 11
