4942 6048
876 379 881 406 '
1029 415 1110 512 999

175 635 345 725 dextra
378 632 563 717 lumbali
596 619 797 742 regione,
831 632 1265 747 velutecchymosis,
1297 635 1612 746 magnitudine
1630 634 1778 748 solitae
1807 661 1960 722 manus

176 757 631 844 masculas.-Tibiam
664 751 825 864 'dextri
860 762 1003 844 cruris
1037 789 1166 876 supra
1198 765 1452 858 malleolum
1479 768 1544 847 ad
1579 777 1665 849 tres
1681 764 1867 877 pollices
1887 790 1959 846 cu·

132 917 138 928 ·
178 885 348 969 neatim
382 884 565 972 fractam
615 885 677 972 sic
712 886 893 1008 inveni,
919 899 972 970 ut
1006 889 1141 974 cunei
1191 915 1311 1003 apex
1343 901 1436 974 -tres
1468 891 1654 1004 pollices
1682 919 1711 974 a
1754 889 1983 1004 malleolo,

180 1013 365 1097 interno
382 1013 584 1122 distaret,
617 1015 728 1100 basis
760 1027 909 1098 autem
942 1017 1235 1131 unopollice
1268 1018 1402 1102 altior
1432 1028 1562 1103 esset
1594 1014 1638 1100 A
1672 1015 1890 1132 superiori
1908 1015 1963 1099 ti·

181 1141 270 1224 biae
305 1139 459 1244 fractas
494 1143 787 1226 extremitate
824 1141 906 1226 tria
934 1143 1101 1227 ossium
1136 1143 1381 1255 fragmenta
1414 1151 1471 1229 ad
1503 1145 1712 1258 pollicem
1741 1146 1890 1254 longa,
1906 1145 1963 1226 ad

182 1279 376 1379 quatuor
409 1268 549 1354 lineas
584 1269 687 1377 lata,
705 1269 838 1382 plane
872 1269 1074 1355 seiuncta
1107 1281 1251 1359 erant.
1270 1273 1362 1357 Ubi
1380 1297 1488 1357 vcro
1512 1271 1638 1353 tibiae
1662 1269 1857 1354 fractura
1875 1294 1963 1354 ces·

182 1398 319 1503 sabat,
351 1396 452 1480 loco
486 1421 647 1511 nempe
681 1397 877 1518 distante
911 1407 1104 1506 quatuor
1133 1399 1376 1513 pollicibus
1409 1426 1435 1482 a
1467 1398 1687 1506 malleolo,
1720 1400 1797 1481 hic
1818 1395 1964 1480 fibula

178 1535 232 1608 et
265 1525 357 1637 ipsa
390 1525 616 1625 cuneatim
648 1520 791 1608 fracta
826 1535 1003 1638 reperta
1038 1537 1121 1634 est3
1150 1527 1216 1612 sic
1253 1539 1415 1634 tamen,
1447 1535 1501 1608 ut
1533 1523 1728 1608 fractura
1744 1530 1802 1608 ad
1815 1547 1965 1637 super·

185 1651 337 1737 ficiem
371 1663 627 1759 externam,
664 1650 790 1734 tibiae
823 1676 931 1735 vero
964 1658 1021 1736 ad
1038 1653 1262 1738 internam
1281 1663 1521 1769 spectaret.
1554 1647 1633 1736 Ad
1680 1654 1766 1736 hoc
1797 1661 1967 1766 praeter
1995 1753 2002 1764 ,

178 1780 273 1866 tria
307 1781 476 1867 nullius
510 1779 605 1864 lere
636 1779 854 1864 momenti
889 1775 1048 1864 fibulae
1079 1778 1345 1893 fragmenta,
1383 1792 1582 1891 quatuor
1630 1779 1814 1893 insuper
1854 1775 1967 1861 tibia

176 1907 402 1994 seiunctis
434 1905 724 2018 longitudine
758 1906 1096 2018 latitudineque
1123 1910 1289 1994 similia
1303 1907 1552 2018 fragmenta
1577 1917 1789 2022 separata,
1807 1908 1967 1989 eodem

185 2039 318 2120 modo
351 2063 401 2118 ac
434 2035 530 2142 illa,
563 2035 613 2118 in
646 2034 864 2118 musculus
896 2061 1037 2148 prope
1062 2037 1175 2122 91199
1208 2045 1569 2149 penetraverant.
1598 2033 1811 2143 Denique
1844 2059 1870 2116 a
1902 2055 1969 2116 su·
2093 2109 2097 2128 ,

183 2162 356 2279 periuri
388 2173 516 2278 parte
550 2161 730 2304 patellae
763 2165 821 2244 ad
853 2162 1079 2248 malleolos
1111 2191 1254 2274 usque
1291 2175 1376 2248 tam
1410 2191 1442 2246 a
1474 2161 1689 2308 posticis,
1729 2185 1864 2270 quam
1896 2183 1969 2241 an·

190 2291 456 2379 terioribus
469 2279 596 2374 tibiis
628 2288 882 2400 fibulasque
913 2289 1162 2402 partibus,
1149 2317 1308 2401 angens
1336 2315 1569 2400 sanguinis
1585 2286 1810 2398 coagulata
1843 2283 1971 2398 copia

183 2416 479 2524 accssmulata,
528 2419 650 2500 haud
683 2416 823 2544 dubie
871 2443 954 2529 pro
986 2417 1250 2502 arteriarum
1286 2417 1454 2502 tibialis
1497 2413 1666 2501 anticas
1701 2417 1746 2500 &
1782 2411 1972 2526 posticas

187 2547 489 2661 disruptarum
508 2541 598 2665 (uti
616 2570 768 2656 reapse
785 2538 1061 2660 invenimus)
1078 2547 1268 2654 sequela
1272 2545 1485 2642 habenda
1489 2541 1861 2654 .-Emphysema
1875 2563 1973 2622 non

188 2676 332 2761 solum
365 2699 457 2760 9999
490 2697 572 2786 per
605 2680 741 2756 totam
775 2669 1091 2760 subcutaneam
1124 2681 1335 2756 externae
1348 2666 1567 2784 corporis
1598 2663 1858 2780 superiiciei
1888 2663 1973 2782 191·
2085 2751 2090 2776 ¹

189 2803 278 2886 lam
312 2800 569 2886 cellulosam
596 2795 855 2906 extendit,
851 2797 946 2881 sed
977 2799 1056 2881 air
1088 2823 1272 2908 quoque
1303 2797 1355 2881 in
1384 2797 1534 2882 tellam
1551 2793 1806 2912 oellulosam
1839 2815 1994 2906 pene·-

127 2977 131 2982 ·
191 2928 345 3038 travit,
379 2927 572 3042 singulas
604 2909 904 3012 muscidoruin
937 2923 1063 3010 strias
1095 2925 1219 3009 inter
1234 2905 1667 3034 seconirangentem.
1668 2918 1920 3004 -Praeter
1924 2941 1978 3004 ea

188 3069 358 3164 autem,
377 3083 480 3168 quae
515 3051 736 3161 enarravi,
768 3076 920 3162 neque
952 3049 1004 3134 in
1036 3052 1289 3138 abdominis
1318 3050 1529 3198 cavitate,
1554 3071 1757 3159 neque
1749 3047 1977 3132 aliooon·

190 3185 313 3311 poris
344 3186 444 3268 1999
477 3179 655 3290 aliquid
686 3186 933 3264 memoratu
966 3178 1201 3290 dignum
1186 3177 1360 3266 inveni.

1008 3307 1033 3420 1
1068 3315 1174 3416 sto

259 3439 394 3532 Nunc
427 3443 512 3524 de
520 3463 621 3522 casu
650 3463 679 3520 a
708 3459 781 3518 me
808 3437 1012 3518 adducto
1046 3453 1102 3542 (19
1136 3471 1231 3548 ιη
1217 3453 1330 3539 aas)
1354 3461 1453 3558 prm
1478 3430 1649 3518 9919919
1678 3431 1783 3516 trac
1802 3453 1982 3514 conseo

191 3568 310 3654 19919
344 3565 576 3680 profluere
588 3563 705 3648 mrln
738 3562 967 3646 videntur:
1498 3625 1503 3636 .

194 3759 200 3770 .
268 3709 310 3780 1⁰
345 3694 447 3778 Non
480 3690 680 3804 quamvis
711 3689 936 3804 pulmonis
967 3688 1196 3774 laesionem
1215 3711 1402 3776 9999999
1418 3713 1638 3777 sanamus
1654 3709 1828 3774 99999999
1860 3707 1983 3768 9999-

103 3805 120 3832 ’
193 3803 356 3908 curdus
391 3847 622 3925 cununaau
1494 3847 1501 3862 ·

271 3945 503 4037 2⁰Vitam
536 3943 730 4030 hominis
761 3969 844 4058 per
875 3941 1060 4052 longum
1090 3951 1267 4056 tempus
1298 3969 1422 4032 ussus
1476 3939 1701 4060 pulmonis
1749 3937 1983 4022 activitate

203 4076 442 4162 sustentari
476 4097 612 4188 posse.

199 4209 316 4288 -03
350 4203 664 4348 Emplaysema,
696 4225 779 4312 per
813 4207 955 4282 tetum
990 4224 1148 4311 corpus
1182 4207 1440 4306 extensum,
1474 4207 1634 4284 stawm
1686 4189 1983 4279 9199999919-

202 4357 299 4417 sum
333 4331 642 4438 cuiuscunque
676 4327 853 4436 generis
886 4325 1033 4412 991999
1067 4325 1210 4410 91919
1244 4326 1481 4436 diagnosin
1531 4321 1839 4411 difficiliorem
1889 4321 1986 4404 red·

200 4463 316 4544 dere
349 4483 486 4572 posse.
1946 4439 1951 4450 ’

274 4587 320 4691 4⁰
354 4584 515 4668 Plures
548 4579 733 4667 diversis
766 4581 817 4664 in
850 4579 960 4666 locis
993 4589 1212 4664 costarum
1247 4579 1461 4666 fracturas
1495 4579 1624 4666 simul
1652 4605 1751 4662 cum
1775 4573 1990 4684 fragmen·

207 4723 356 4797 torum
390 4711 683 4798 dislocatione
717 4710 865 4792 locum
899 4709 1065 4792 habere
1098 4733 1237 4820 posse,
1270 4709 1437 4818 absque
1470 4707 1562 4790 ulla
1595 4700 1990 4810 haemorrhagiae

211 4841 320 4926 vasis
353 4837 716 4925 intercostalibus
748 4836 875 4921 laesis
907 4836 1200 4949 procedente

276 4967 452 5052 Ultimo
484 4966 619 5082 liceat
654 4963 764 5048 mihi
801 4961 1105 5073 quaestionem
1157 4963 1288 5044 hanc
1321 4987 1587 5077 proponere·
1637 4985 1745 5045 num
1799 4947 1993 5038 thoracis

210 5075 523 5208 paracentesis,
574 5119 703 5202 quam
754 5089 973 5176 indicatio
1006 5087 1155 5174 vitalis
1184 5113 1370 5214 poscere
1403 5091 1659 5198 videbatur,
1690 5083 1826 5170 vitam
1846 5105 1995 5190 aegro·

209 5234 261 5306 19
295 5249 468 5308 servarc
502 5219 756 5336 potuisset?

920 5368 1260 5390 w

1864 5385 1890 5444 a
