4942 6048
1389 415 1445 526 96

513 657 588 742 vel
621 651 672 738 in
709 647 911 762 margine
958 644 1055 754 ejus
1102 647 1275 750 sedens,
1309 668 1442 726 manu
1476 639 1542 727 rei
1578 637 1755 726 cuidam
1789 637 2061 762 (Tabouretl
2077 645 2300 760 imposita,

514 781 637 872 vario
693 781 824 864 modo
873 798 966 864 sese
1015 780 1246 858 exerceat.
1311 766 1571 856 Founmsnn
1628 791 1779 880 (tranat
1805 791 1842 860 aa
1868 765 2300 885 Mad.T.'txtl111.)⁵)

513 914 709 1001 adducto
743 906 935 1016 quodam
968 927 1084 1008 casu,
1119 925 1209 1010 quo
1243 923 1325 1011 per
1357 895 1529 1006 aegroti
1562 893 1696 980 situm
1729 895 1781 979 in
1815 894 1959 1008 ipsum
1991 896 2155 984 vulnus
2205 897 2303 1006 ejus

512 1046 748 1154 punctum,
781 1029 1042 1142 sanguinem
1075 1024 1262 1133 elicere,
1277 1035 1598 1134 aegrotumqne
1631 1022 1695 1105 ita
1728 1047 1903 1108 servare
1935 1019 2022 1106 sibi
2039 1021 2187 1132 licuit,
2204 1045 2303 1138 pro·

514 1167 622 1250 bare
655 1171 838 1248 conatus
872 1168 953 1266 est,
985 1181 1079 1238 non
1111 1177 1284 1266 semper
1315 1177 1424 1264 opus
1457 1175 1565 1258 esse,
1599 1160 1847 1234 externum
1880 1149 2045 1236 vulnus
2093 1151 2303 1263 dilatare,

516 1291 648 1378 imino
682 1287 816 1374 etiam
849 1279 1157 1400 operationem
1189 1277 1481 1393 empyematis
1514 1277 1751 1392 suscipere.

582 1451 795 1559 Quamvis
833 1459 983 1535 autem
1031 1443 1229 1562 persuasi
1262 1442 1409 1552 simus,
1442 1443 1578 1546 situm¹
1607 1441 1781 1552 aegroti
1814 1453 1981 1556 aptum,
2015 1454 2148 1530 caute
2182 1445 2298 1531 elec·

519 1593 612 1666 turn
667 1590 715 1667 et
763 1575 982 1692 peculiari
1030 1570 1252 1660 occasioni
1303 1569 1667 1676 convenientem,
1717 1595 1986 1682 magnopere
2025 1571 2083 1656 ad
2131 1572 2305 1684 sangui·

501 1707 619 1794 'nem
663 1732 745 1822 per
793 1703 956 1788 vulnus
1005 1699 1331 1786 eliminandum
1371 1693 1535 1780 facere:
1585 1695 1881 1780 nihilominus
1930 1705 2076 1782 tamen
2112 1699 2161 1784 id
2195 1726 2303 1810 quo·

517 1862 607 1947 que
656 1829 916 1942 intelligere
974 1852 1229 1945 possumus,
1285 1821 1490 1909 veterum
1548 1824 1824 1907 medicorum
1882 1826 2146 1932 methodos,
2197 1852 2304 1938 qua·

517 1990 615 2074 rum
664 1958 940 2046 mentionem
980 1957 1055 2038 hic
1107 1949 1309 2057 fecimus,
1348 1951 1479 2035 valde
1518 1947 1780 2064 periculosis
1828 1951 2023 2060 sequelis
2070 1963 2302 2062 aegrotum

506 2112 767 2204 exponere.
816 2081 996 2168 Idcirco
1045 2081 1290 2186 suademus,
1342 2076 1482 2162 saucii
1530 2086 1687 2192 pectus
1738 2089 1787 2163 et
1838 2075 2099 2162 inferiorem
2152 2079 2303 2166 trunci

491 2225 690 2330 ¹partem
721 2210 910 2328 provida
966 2227 1072 2293 cura
1121 2207 1313 2316 elevare,
1334 2219 1338 2230 ⁴
1363 2228 1557 2315 eumque
1590 2231 1645 2289 eo
1693 2209 1973 2318 perducere,
2000 2215 2054 2288 ut
2093 2233 2135 2292 v.
2176 2235 2213 2293 c.
2247 2211 2304 2291 ad

517 2341 629 2427 lecti
679 2337 922 2449 marginem
977 2346 1062 2418 tam
1112 2359 1278 2448 pronus
1326 2333 1443 2417 laeso
1492 2331 1626 2416 lateri
1675 2329 1885 2442 incubat,
1934 2317 2151 2443 quantum
2217 2335 2303 2418 hoc

482 2467 626 2554 'sieri
658 2477 807 2582 potest
837 2489 933 2547 non
983 2460 1199 2575 impedita
1246 2457 1557 2573 respiratione,
1606 2468 1838 2573 praeterea
1879 2467 2013 2573 caput
2062 2449 2304 2547 retrorsum

521 2595 743 2712 inclinare
776 2603 823 2677 et
856 2585 1016 2704 corpus
1049 2587 1100 2670 in
1134 2611 1235 2670 eum
1268 2585 1401 2670 situm
1450 2611 1688 2701 reponere,
1720 2583 1770 2668 in
1804 2603 1897 2696 quo
1946 2587 2110 2674 vulnus
2158 2585 2306 2672 infim-

521 2751 588 2808 am
636 2717 831 2836 pectoris
878 2727 1050 2830 partem
1097 2711 1317 2798 obtineat.
1365 2711 1497 2796 Hanc
1545 2711 1766 2797 rationem
1814 2712 1996 2824 sequuti
2044 2723 2149 2799 sunt
2198 2741 2305 2828 quo·

522 2876 611 2962 que
644 2835 906 2954 Dasnunr,¹¹)
943 2831 1201 2946 tranant·
1226 2829 1564 2926 Aursunrnrm‘)
1599 2838 1770 2926 etalii.
1803 2837 1863 2924 In
1896 2841 1982 2924 hoc
2023 2867 2206 2954 quoque
2255 2843 2310 2929 si·

524 2989 573 3063 tu
622 2971 853 3061 effluxum
902 2966 1144 3080 sanguinis,
1194 2969 1437 3051 secundum
1486 2965 1715 3081 gravitatis
1748 2965 1868 3077 leges
1899 2971 1958 3052 ad
2004 2968 2168 3054 vulnus
2208 2997 2306 3084 pro·

521 3101 713 3188 labentis
746 3127 840 3184 non
873 3123 1027 3213 parum
1061 3121 1115 3180 eo
1148 3091 1519 3206 promovebimus,
1552 3093 1587 3178 si
1622 3093 1862 3179 sauciatum
1908 3106 2016 3179 tunc
2066 3097 2306 3208 aliquoties

520 3230 728 3344 spiritum
777 3227 902 3310 lente
953 3250 1003 3307 ac
1051 3217 1279 3338 profunde
1331 3219 1510 3306 trahere
1527 3281 1557 3330 ,.
1598 3230 1923 3334 receptumque
1979 3247 2086 3308 naso
2134 3249 2306 3334 oreque

522 3357 678 3440 clausis
686 3417 700 3462 ,
751 3376 936 3466 corpore
988 3360 1136 3436 tamen
1184 3373 1468 3458 nequaquam
1517 3373 1769 3431 viennensis
1811 3357 2046 3460 commoto,
2097 3351 2307 3438 emittere

522 3507 725 3568 sinamus.
794 3538 799 3546 -

585 3645 813 3734 Ceterum¹
833 3641 870 3730 si
901 3643 1054 3760 pulmo
1087 3639 1404 3751 inflammatus,
1437 3637 1490 3734 si,
1507 3641 1672 3726 arteria
1706 3641 1974 3755 pulmonalis
1990 3643 2121 3753 laesa,
2147 3645 2221 3730 vel
2240 3641 2307 3727 in·

526 3773 683 3860 teriori
717 3773 897 3862 vulneri
929 3772 1187 3888 proximum
1222 3795 1294 3854 vas
1326 3767 1558 3877 violatum,
1591 3767 1739 3875 immo,
1765 3767 2307 3856 siorificiaarteriaehu·

523 3903 592 4008 jus
626 3900 769 3984 clausa
816 3899 922 4008 sint,
955 3897 1087 4006 hrrjus
1120 3895 1309 3980 remedii
1342 3921 1443 3980 rasus
1491 3919 1954 3980 corrnnrnnloamonn
2004 3896 2307 4008 restringitur3

428 4139 432 4144 Ι
525 4027 634 4110 hinc
684 4025 805 4114 enim
853 4045 949 4110 non
982 4023 1078 4108 sine
1112 4019 1288 4106 ratione
1327 4026 1620 4108 metuendum
1654 4034 1735 4130 est,
1784 4049 1844 4108 ne
1893 4021 2094 4115 violenta
2144 4036 2309 4112 exten·

523 4153 588 4240 sio
637 4147 1036 4238 inflammationem
1084 4149 1345 4265 pulmonum
1378 4157 1560 4258 augeat,
1593 4175 1653 4233 ne
1677 4176 1781 4234 ·vasa
1816 4151 1932 4235 laesa
1964 4153 2021 4236 de
2055 4178 2173 4256 novo
2207 4153 2308 4236 hae·

523 4278 816 4391 murrhagiam
865 4276 1099 4386 excitent,
1147 4301 1208 4361 ne
1240 4275 1468 4388 sanguinis
1517 4277 1818 4362 extravasatio
1868 4289 2050 4366 crescat.
2082 4276 2215 4362 Hanc
2247 4279 2307 4363 ob

524 4433 697 4494 causam
744 4403 980 4520 inspiratio
1029 4399 1255 4518 profunda
1310 4412 1358 4486 et
1406 4403 1646 4488 vehemens
1703 4403 1951 4519 exspiratio
2001 4433 2102 4491 cum
2151 4433 2308 4518 magna

528 4535 833 4618 tantummodo
886 4529 1096 4615 cautione
1146 4527 1221 4612 hic
1270 4528 1447 4613 admitti
1497 4539 1680 4643 possunt
1695 4543 1730 4640 ,'
1760 4557 1868 4641 quas
1923 4533 2037 4619 adeo
2091 4533 2308 4618 nonnulli

523 4661 657 4774 plane
690 4684 797 4773 prae
830 4667 954 4743 metu
978 4656 1330 4766 haemorrhagiae
1365 4663 1650 4746 renovandae
1683 4658 1915 4768 rejiciunt.
1944 4681 2138 4771 (currem.
2153 4681 2307 4772 mma).

525 4907 565 4994 g)
594 4909 765 4970 Rrearsar
791 4900 881 4968 Bibl.
912 4898 1066 4986 chirurg.
1093 4901 1134 4964 T.
1163 4901 1221 4964 xl.
1250 4899 1285 4986 p.
1304 4900 1389 4984 559.
1461 4953 1468 4982 ,

525 5003 566 5094 h)
594 5011 762 5074 Dasium.
790 5003 953 5090 Clinique
980 5011 1139 5068 externe.
1165 5001 1206 5064 Τ.
1234 5005 1261 5066 1.
1290 5022 1324 5088 p.
1355 5021 1413 5090 97.

524 5111 555 5196 i)
595 5113 745 5174 ωηεν.
774 5127 803 5171 1..
832 5126 862 5170 c.
890 5109 931 5170 T.
959 5108 985 5168 1.
1016 5103 1160 5192 (aare).
1188 5122 1224 5190 p.
1245 5105 1327 5170 2¹8.

524 5213 565 5302 ι)
594 5213 826 5279 humanarum.
854 5227 883 5272 t.
911 5226 942 5273 c.
968 5225 1004 5294 p.
1020 5211 1107 5292 487.
